2346 3734
570 293 625 350 159

204 445 221 486 2
257 433 325 493 Hoc
338 455 410 509 opus
423 439 499 511 quod
512 442 541 497 In
552 441 682 512 inchoat,

292 508 424 564 Potentia
435 512 464 566 Is
476 511 559 568 finiet
566 532 573 580 ;

257 575 436 646 Firmissime
449 582 624 652 promissum
636 588 703 650 stat,

292 648 374 715 Quod
388 669 541 722 nunquam
554 653 603 708 hic
615 653 772 725 defecerim

255 714 369 773 Futura
381 728 410 776 et
423 739 539 792 presens
552 723 706 794 quaesiui,

290 787 409 844 Inferna
422 792 465 848 vel
479 792 630 861 coelestim

254 855 321 909 Non
335 877 423 930 opera
435 861 632 932 frustaverint,

287 924 326 981 Ui
339 930 474 988 caderem
487 931 519 987 in
530 933 605 989 odia.

199 1078 215 1134 3
250 1065 276 1120 Ε
288 1068 424 1126 manibus
436 1088 495 1142 quo
506 1071 631 1142 scriptus
643 1091 719 1144 sum,

284 1139 414 1196 Aeterno
425 1141 536 1198 deletus
549 1160 607 1198 non
618 1143 674 1198 sim
685 1164 692 1212 3

250 1205 411 1290 Inscripiue
422 1211 453 1266 in
466 1230 515 1268 cor
527 1212 678 1282 intimum,

282 1277 509 1338 Exanrctusnon
543 1284 685 1352 otuerim;

248 1347 294 1400 Ad
308 1347 397 1405 finem
411 1351 501 1406 etiarn
515 1301 634 1420 durabO,

282 1417 334 1472 ust
346 1421 433 1475 arrha
444 1421 475 1476 in
487 1423 544 1479 hoc
556 1423 626 1478 data
641 1424 698 1494 mi;

245 1487 378 1546 Securior
391 1509 449 1547 non
462 1493 552 1560 suem,

280 1558 317 1612 In
329 1560 415 1616 coelia
427 1567 485 1632 quo
497 1570 566 1619 sunt
578 1563 684 1634 angeli.

156 1693 231 1781 89.

206 1839 209 1845 ·
263 1814 467 1880 Perefflnatma
479 1820 615 1872 conductor
626 1822 697 1874 Deua
708 1829 751 1886 eet,
765 1831 787 1876 et
798 1827 892 1882 Robur.

227 1963 239 2002 1
277 1950 360 2008 Duce
373 1971 431 2015 me,
444 1956 555 2012 Jehova
568 1959 686 2028 Magne,

311 2022 428 2090 Vagum
442 2031 518 2082 terra
529 2027 619 2082 sterili
630 2047 636 2095 ;

275 2091 382 2148 Tenuis
394 2112 469 2160 sum,
481 2097 532 2152 sed
544 2104 577 2152 tu
590 2098 709 2169 pollens,

309 2163 370 2217 Tua
383 2182 473 2220 manu
487 2168 552 2223 save
564 2167 613 2225 mi.

363 2234 450 2290 Panis
462 2237 543 2304 coeii,

308 2301 380 2358 Oiba
391 2322 440 2361 mo
452 2306 524 2361 dum
537 2325 617 2378 egeo·

220 2471 237 2510 2
271 2459 362 2529 Aperi
373 2479 454 2519 nunc
466 2464 544 2521 hanc
556 2465 709 2536 limpidam
722 2468 844 2542 iontem,

308 2530 416 2587 Fluant
428 2551 523 2603 aquae
535 2537 668 2594 medicae
678 2557 685 2606 ;

269 2599 363 2655 Nubis
376 2603 512 2660 columen
526 2612 555 2661 et
568 2606 650 2676 ignis,

304 2671 364 2727 Fac
377 2689 425 2728 me
437 2691 552 2745 semper
564 2676 688 2747 ducere;

358 2741 474 2799 Vindex
486 2746 589 2813 valide,
667 2779 670 2782 ⁴

306 2810 349 2866 Mi
361 2829 391 2868 ea
403 2814 496 2882 robor,
510 2817 655 2888 clypeum.

216 2963 233 3017 3
269 2950 367 3019 Quum
381 2952 514 3010 insistam
527 2957 563 3012 ad
576 2958 746 3032 Jordanem,

302 3021 377 3077 Tum
390 3023 437 3081 dic
450 3034 562 3083 cessent
574 3028 694 3087 timores
705 3050 712 3100 ;

266 3091 317 3147 Me
328 3110 380 3162 per
392 3093 499 3152 fluctus
508 3097 639 3169 furiosos,

300 3163 357 3219 Fer
370 3164 406 3219 ad
420 3165 492 3222 fines
505 3167 619 3238 felices;

355 3234 465 3290 Cantus
478 3236 580 3305 laudis,

300 3301 421 3372 Semper
430 3303 484 3359 tibi
491 3304 634 3362 dabimus
