2346 3734
519 255 576 312 133

196 403 213 456 6
246 405 291 460 Da
303 404 403 470 fidem,
417 403 662 474 Domine-Quae
672 403 784 474 gratial

244 476 288 531 Ne
300 475 378 542 flete,
392 475 501 540 anima,
515 493 574 530 non
586 476 686 542 dole0;

245 547 358 602 Doceor
371 563 469 615 quem,
482 551 512 600 et
524 545 623 615 qualia
634 562 723 615 opera
734 563 741 612 ;

243 616 430 674 Credendum
442 623 486 672 est
497 631 617 686 possum
630 623 660 672 et
668 615 793 686 gaudeo·

134 756 198 844 73.

123 927 236 994 usqum,
247 941 346 999 excepto
358 942 389 996 te,
401 936 440 986 vel
446 937 473 984 ic
484 935 648 996 coellatabco,
662 935 699 985 vel
708 937 734 983 ic
745 935 820 984 terrie
830 931 970 984 mamam!

196 1082 207 1120 r
243 1071 341 1139 Quam
352 1071 444 1126 horae
456 1070 599 1140 insipidae
611 1070 680 1138 sint,

242 1142 342 1209 Quum
357 1140 519 1196 Dominum
532 1159 592 1197 non
606 1140 735 1196 videam!

163 1250 167 1259 .
243 1210 446 1267 Pulcherrima
458 1229 533 1281 quac
546 1211 665 1280 fuerint,

243 1281 407 1337 Teterrima
419 1288 485 1336 tum
496 1281 634 1360 hsbeum.

191 1432 208 1474 2
242 1421 359 1477 Aetatis
371 1421 418 1478 Sol
431 1422 566 1477 obscuret
579 1421 639 1476 vim
651 1440 657 1488 ;

244 1491 421 1547 Dulcedincs
432 1493 535 1548 hortus
547 1509 606 1548 non
620 1492 688 1559 dat;

244 1563 285 1616 At
298 1561 367 1616 felix
381 1561 411 1616 in
425 1563 468 1618 Eo
479 1579 574 1632 quum
586 1561 653 1627 sim,

241 1632 319 1686 Tum
331 1631 427 1688 hiems
439 1640 472 1688 ut
486 1650 535 1688 ver
548 1632 622 1686 mihi
631 1637 698 1688 stat

190 1787 207 1841 3
241 1773 335 1828 Suum
348 1789 456 1829 nomen
470 1779 533 1828 tarn
546 1772 631 1828 dulce
641 1771 724 1842 cluit,

241 1843 307 1898 Vox
320 1860 373 1898 sua
386 1852 430 1899 est
443 1843 633 1898 blandissima
644 1862 651 1911 ;

242 1913 409 1968 Molestiam
422 1915 495 1969 haec
511 1913 629 1994 pepulit,

241 1983 280 2037 Et
287 1984 396 2054 'plenus
407 2001 474 2038 sum
486 1983 603 2040 laetitia.

190 2136 210 2188 4
243 2122 272 2179 Si
284 2141 400 2194 semper
411 2125 448 2178 ad
461 2143 509 2180 me
522 2124 619 2192 suerit,

241 2194 302 2249 Nec
315 2211 387 2264 opus
397 2213 451 2250 nec
462 2201 576 2251 metum
585 2207 735 2251 noscerem
745 2213 753 2264 3

241 2264 374 2318 Mortalis
386 2271 449 2319 tarn
462 2265 532 2322 felix
545 2283 604 2321 non
616 2265 671 2334 sit;

241 2334 412 2390 Perenniter
423 2335 473 2391 det
485 2342 625 2392 aetatem.

190 2486 206 2543 5
240 2476 404 2531 Contentus
416 2475 517 2532 videns
530 2493 694 2546 personam,

221 2571 223 2576 ·
241 2545 284 2602 Sit
297 2551 394 2600 totum
407 2545 437 2599 in
449 2564 486 2602 co
497 2547 639 2616 gaudium
651 2566 657 2612 ;

241 2616 296 2671 Per
308 2615 392 2682 vices,
405 2634 457 2686 per
470 2616 659 2685 moestitiam,

238 2687 289 2742 Me
301 2692 421 2743 teneam
434 2686 648 2745 firmissimum.

185 2825 206 2880 6
240 2826 270 2883 Si
282 2825 413 2897 preditus
424 2827 481 2883 hoc
494 2845 602 2894 amore,

240 2897 362 2967 Regalis
375 2915 471 2967 nugae
483 2905 549 2952 tum
559 2899 636 2968 sint3

237 2968 276 3021 Et
289 2973 411 3023 catenae
423 2967 604 3038 durissimae,

240 3037 362 3107 Regalia
373 3044 440 3092 tum
452 3038 572 3094 luerint.

183 3190 202 3247 7
237 3177 267 3236 Si
280 3184 349 3233 tuus
361 3177 615 3246 sim‚0Domine‚

232 3249 283 3307 Sol
296 3265 380 3305 meus
390 3248 429 3304 sis
442 3255 471 3305 et
484 3248 636 3304 canticum
