2320 3722
456 545 671 600 PROLOGUS.

529 659 599 670 —u

316 729 476 782 cameron,
494 731 549 770 SED
572 731 631 772 NON
652 729 813 771 CANTICUM.

180 831 192 871 1
231 819 265 872 In
280 823 367 875 eavea
379 821 440 876 avis
453 827 596 885 cantaret,

232 889 270 944 Ut
284 907 375 959 quurn
390 890 491 946 insule
506 889 614 957 volitet,

232 961 305 1014 Cunr
320 961 399 1014 chori
413 961 458 1015 hia
472 960 603 1016 melodiis

231 1029 318 1084 Nunc
331 1031 492 1086 resonantis
505 1031 588 1086 aeris,

231 1099 349 1155 Interea
359 1101 448 1170 poesis
461 1101 595 1156 claudere

231 1170 320 1232 Hanc
331 1189 416 1226 avem
430 1173 557 1226 claustro
569 1189 594 1241 p·
605 1170 708 1238 ssimc;

230 1239 416 1300 Sul-caneret
434 1241 636 1312 potieeinunn3

231 1310 369 1366 Coerceas
380 1329 437 1367 non
452 1311 612 1367 canticum.

179 1464 195 1502 2
232 1450 296 1504 Non
310 1458 414 1506 cantus
427 1452 559 1508 claustris
570 1451 715 1517 destruas;

233 1520 330 1575 Divini
342 1531 420 1584 sunt,
435 1531 467 1576 ut
481 1523 602 1578 veritas:

235 1592 392 1646 Inventurn
405 1610 556 1662 nunquarn
571 1593 732 1648 claustrum
745 1591 784 1649 s‘rt

231 1661 314 1730 Quod
329 1670 442 1725 cantus,
458 1679 567 1726 rerum,
581 1662 725 1718 clauserit.

232 1733 267 1786 In
281 1731 369 1800 sylvis
383 1733 425 1788 vel
440 1733 470 1786 in
484 1733 587 1798 cureio,

233 1803 317 1856 Haec
329 1809 430 1858 cantet
443 1802 504 1858 avie
516 1802 615 1858 hilaris
629 1822 635 1869 ;

232 1874 372 1928 Cantator
384 1891 443 1928 non
458 1880 490 1926 ut
501 1891 619 1930 carmen
634 1873 668 1928 fit
681 1893 687 1928 :

228 1944 268 1998 Ut
279 1944 329 2009 hic,
343 1943 399 1999 hoc
409 1961 563 2014 nunquam
573 1943 667 2014 periit.

181 2100 197 2155 3
233 2085 267 2138 In
290 2081 435 2156 aliquibus
447 2083 592 2138 cantitent

233 2155 299 2208 Hae
313 2171 388 2218 avos,
401 2153 464 2208 aliis
477 2153 640 2212 abstinent:

233 2227 273 2278 At
285 2222 347 2277 sine
359 2230 448 2278 cantu
460 2224 567 2278 'anima

232 2295 284 2348 Est
295 2294 357 2349 eine
370 2293 417 2347 avi
429 2310 519 2349 cavea

232 2367 272 2418 At
285 2363 365 2418 intus
376 2363 448 2418 dum
462 2370 600 2420 canentes
612 2371 700 2434 stent,

232 2433 341 2489 Vitalia
353 2451 467 2503 aeruper
480 2435 642 2491 cantitent:

231 2506 274 2558 Tu
288 2521 469 2573 quamquam
483 2505 605 2566 clausus,
619 2514 739 2563 caneto:

232 2576 299 2628 Non
313 2573 428 2629 vinctus
441 2583 545 2630 cantus
558 2576 682 2632 vinculo.

180 2730 199 2783 4
233 2716 267 2769 In
281 2718 380 2771 carcer
392 2731 459 2769 aves
471 2723 626 2772 canerent:

233 2788 297 2854 Quo
310 2783 436 2846 nrorlurs,
450 2786 550 2847 sames,
564 2787 653 2853 dolor,
666 2793 760 2844 stent:

233 2857 414 2924 Quocunque
427 2863 458 2908 tu
473 2855 650 2922 adruittereS,

232 2927 300 2980 Huc
313 2932 422 2979 canant
434 2934 539 2980 cantus
552 2926 657 2982 felices.

233 2996 267 3050 In
281 2994 416 3050 cordibus
429 2995 501 3050 haec
515 2997 647 3051 carmina

234 3067 416 3134 Maneutque
429 3083 480 3135 per
494 3066 630 3122 interita:

233 3137 268 3190 In
282 3153 370 3190 ornne
382 3153 506 3206 sequens
517 3138 648 3192 seculum
662 3156 668 3204 ;

233 3207 374 3263 Cantator
387 3223 454 3274 uon,
468 3206 518 3262 sed
531 3207 693 3263 canticum.
