2346 3734
534 277 589 334 151

128 353 211 442 83.

326 456 423 508 Sancta
435 457 502 518 urba,
522 457 702 520 Hierosolymo
713 471 785 506 nova.

173 554 186 595 1
223 540 395 607 Jerusalem,
408 542 433 598 O
444 540 567 610 gloriosa
578 539 683 596 domus
696 537 737 592 mi
748 557 755 606 ;

260 612 285 667 Ο
297 628 406 666 nomen
417 628 532 680 semper
545 610 587 666 mi
599 608 800 666 carissimuml

224 682 251 739 O
261 681 380 751 quando
391 680 449 736 sint
461 680 572 737 labores
585 679 670 746 finiti,

260 751 296 806 In
309 757 347 820 te,
359 750 390 805 in
403 769 515 822 paoem,
528 758 559 808 et
568 751 599 804 in
611 748 772 821 gaudium?

172 886 189 926 2
225 872 250 928 O
262 871 380 942 quando
392 871 533 928 videbunt
545 870 578 926 fri
590 870 668 927 oculi

261 943 604 1012 Hasportasgemmeas.
617 947 670 996 tua
683 939 822 998 moenia?
920 966 923 970 ·

225 1011 315 1068 Hanc
326 1013 484 1068 salutatem
497 1010 717 1082 propugnaculi,

260 1083 325 1138 Has
338 1081 406 1150 vias,
418 1082 589 1153 pavimenta
601 1083 711 1138 aurea?

171 1220 189 1274 3
224 1203 300 1260 Urbs
312 1202 371 1259 mei
385 1203 448 1270 Dei,
459 1202 579 1273 quaudo
591 1219 710 1272 surgere

261 1273 401 1330 coelestia
412 1280 465 1328 tua
474 1273 507 1327 in
526 1273 703 1344 propatula?

221 1345 289 1414 Quo
301 1361 362 1400 non
374 1343 499 1414 sejungit
512 1342 706 1412 congregatio,

260 1415 299 1470 Et
309 1421 379 1470 sunt
392 1421 512 1470 aeterna
523 1420 576 1468 tua
587 1413 717 1468 sabbata.

170 1550 191 1604 4
224 1534 413 1602 Umbraoula,
425 1535 452 1590 0
462 1551 511 1590 vos
524 1533 719 1588 faustissime!

259 1607 324 1675 Quo
336 1622 432 1675 neque
444 1610 573 1660 moestus
584 1611 654 1659 sunt
666 1621 721 1660 nec
734 1602 818 1660 vitial

224 1674 273 1731 Ad
285 1693 342 1743 vos,
355 1676 379 1731 Ο
391 1675 472 1730 sedes
484 1674 675 1739 felicissimae,

260 1744 419 1813 Contendo,
432 1751 462 1801 et
474 1744 586 1801 eluctor
594 1752 724 1800 strenue.

171 1880 185 1938 5
223 1867 284 1923 Our
295 1866 348 1922 hos
360 1883 513 1934 moerores,
525 1883 642 1936 poenas,
655 1865 834 1923 formidem?

260 1937 314 1994 Vel
326 1936 546 1993 dissolutionem
558 1937 729 1993 horrerem?

221 2007 366 2064 Caelestia
378 2024 448 2061 arva
459 2007 537 2063 bona
550 2007 674 2073 videam,

259 2080 421 2134 Aeternam
434 2077 513 2133 diem
526 2077 735 2134 felicissimam.

168 2198 190 2254 6
225 2197 366 2268 Apostoli,
378 2197 548 2267 prophetae,
559 2204 713 2266 martyres,

259 2267 319 2323 Hic
328 2267 441 2323 circum
451 2268 591 2322 thronum
598 2269 615 2322 J
616 2285 667 2324 esu
675 2266 782 2324 Christi
788 2271 882 2336 steat3

222 2339 262 2394 Et
275 2338 333 2394 cito
345 2337 434 2393 amicr
446 2337 489 2392 rui
502 2338 608 2405 fideles,

260 2407 415 2478 Conjunoti
425 2407 510 2464 uobis
521 2407 580 2464 illic
593 2413 779 2479 congregent.

169 2527 189 2582 7
225 2513 430 2581 Jerusalem
442 2512 564 2583 gloriosa
576 2513 680 2569 domus
693 2512 751 2568 mil

260 2584 357 2638 Prote
369 2601 450 2639 nune
459 2583 524 2638 sitit
539 2601 607 2639 mea
619 2584 734 2652 anima;

225 2653 351 2709 Labores
363 2671 466 2712 carues
477 2661 541 2709 tum
552 2654 614 2710 sint
627 2654 712 2722 finiti,

294 2725 394 2794 Quum
405 2730 460 2780 tua
474 2724 590 2780 videam
601 2743 684 2781 sacra
695 2725 810 2796 gaudia

133 2794 210 2898 84⁴
427 2896 499 2958 Quid
510 2903 544 2946 eet
561 2899 613 2946 otta
625 2899 691 2948 tua?

210 2995 222 3036 1
260 2979 367 3050 Oquid
377 2985 423 3036 est
435 2979 517 3034 vitat
531 2979 625 3036 brevis
637 2980 683 3050 sit,

294 3050 442 3117 Florescit,
455 3049 514 3106 cito
526 3050 549 3104 it
557 3069 566 3117 ·;

259 3122 341 3190 Quae
352 3122 441 3191 parve
453 3121 522 3175 hora
534 3120 635 3190 viguit,

294 3193 333 3244 Et
343 3190 532 3260 pulchritudo
544 3191 586 3246 fit.

258 3260 405 3316 Brumalis
417 3259 478 3314 dies
490 3259 611 3325 venerit,

258 3332 297 3386 m
309 3346 388 3385 mors
399 3329 477 3384 hane
487 3328 591 3383 florem
603 3327 720 3385 excidit.
