2346 3734
528 340 565 393 99

237 481 257 537 J
260 484 360 539 ustitia
372 492 433 546 tua,
448 487 543 549 venia,

276 557 384 611 Cruore
397 565 450 612 tuo
460 557 528 623 sint,

237 625 318 693 Spes
331 627 393 681 sole
405 627 575 694 consolatio,

275 695 314 749 Et
325 696 420 766 gloria
433 697 567 753 venirint

191 878 208 917 2
238 866 316 936 Quid
328 869 445 937 faciani,
458 871 536 938 Jesu,
546 870 612 927 eine
625 874 675 928 tei

275 938 407 995 Relietus
420 941 570 1008 cadereru3

239 1007 305 1062 Non
319 1008 368 1072 vis,
383 1028 443 1066 nou
456 1011 570 1066 bonitas
583 1011 614 1065 in
626 1030 684 1082 mc,
727 1077 730 1081 ,

273 1079 340 1134 Non
353 1079 448 1136 haheo
460 1082 602 1137 roborem.

235 1148 370 1206 Salvator
382 1152 407 1206 Ο
419 1151 575 1220 carissime,

273 1220 330 1274 Pro
343 1237 392 1276 me
402 1239 432 1276 es
444 1221 562 1289 omnia;

239 1287 386 1345 Ineurnbo
398 1291 500 1348 debilia
512 1291 543 1345 in
555 1293 605 1360 Te,

272 1359 397 1416 Infirmo
415 1363 528 1418 robora.

188 1527 205 1582 3
237 1515 304 1570 Non
318 1515 425 1585 vivam,
438 1519 518 1582 Jesu‚
530 1519 593 1576 sine
606 1526 656 1589 te,·

271 1587 350 1640 Nam
364 1587 450 1658 longa
462 1589 509 1643 via
520 1589 566 1655 sit,

236 1655 274 1708 Et
286 1655 343 1710 sim
356 1656 386 1710 in
400 1659 577 1728 lassitudine,

270 1726 310 1780 Et
322 1726 403 1782 dolor
414 1727 525 1785 incidit.

234 1795 316 1863 Quae
328 1798 445 1866 possim,
458 1800 537 1866 Jesu,
549 1799 612 1857 sine
624 1804 677 1858 tet

270 1866 368 1933 Quum
384 1868 462 1923 viam
475 1867 639 1940 ignoscam;

234 1933 388 2004 cognoscis
401 1946 442 2006 tu,
456 1940 594 1996 conducis
606 1959 664 2012 nro,

267 2005 307 2060 Ut
320 2007 399 2062 viam
412 2016 539 2065 teneam.

183 2174 203 2226 4
234 2161 300 2218 Non
313 2164 416 2232 quovis
427 2165 536 2234 possim
547 2167 611 2226 eine
622 2174 662 2239 te,

268 2233 346 2301 Jesu,
359 2235 516 2305 carissime,

233 2301 360 2371 Et'licct
374 2306 466 2361 clausi
478 2307 563 2376 ocuii,

268 2374 447 2442 Cognoscam
460 2395 549 2460 prope
561 2385 598 2436 te.

230 2443 326 2511 Quam
340 2453 461 2512 maesta,
473 2449 612 2514 solrtaria,

268 2514 352 2570 Haec
365 2515 425 2571 vita
437 2519 543 2587 suerit5

230 2581 299 2638 Sine
312 2587 529 2649 communione.
542 2607 620 2659 quac

266 2653 303 2706 In
315 2662 344 2710 te
357 2663 420 2710 tarn
431 2657 519 2728 plane
530 2661 591 2716 sit?

181 2838 195 2896 5
232 2827 385 2896 Quomodo
396 2830 494 2887 viram
507 2833 570 2892 sine
581 2838 634 2893 te?

265 2899 332 2954 Non
344 2901 418 2956 alius
431 2913 572 2973 nosceret,

231 2967 314 3037 Quae
325 2970 444 3040 spiritus
457 2975 519 3029 vult
530 2976 649 3044 habere,

265 3039 319 3095 Vei
333 3057 426 3109 quum
439 3060 488 3098 oor
500 3045 677 3115 languescet.

229 3108 296 3164 Non
310 3118 352 3165 est
367 3111 490 3166 humani
502 3115 628 3186 spiritus,

263 3181 400 3236 Scrutare
413 3199 514 3238 meum
527 3203 587 3250 cor,

227 3249 290 3304 Nec
302 3251 471 3307 Consolator
483 3254 566 3324 atius,

261 3319 377 3389 Salutis,
391 3323 415 3377 Ο
427 3324 549 3380 Auctor.
