2346 3734
582 288 636 346 141

255 450 271 504 7
308 437 465 494 Convictus
477 443 506 493 et
518 444 646 494 tremens
659 454 838 507 quomrum,

308 510 345 562 Et
357 508 460 563 similis
473 508 610 574 fratribus
623 508 682 574 his;

307 580 473 634 Pertraotus
485 595 550 633 sum
564 577 600 632 ud
614 577 784 646 Dominum,

307 648 451 718 Obstupui
463 649 499 704 (le
514 648 598 703 vitiis.

256 803 273 856 8
307 805 336 859 Is
348 804 478 874 primum
489 804 687 861 severissimus

295 877 359 930 uu
373 875 458 941 visus,
471 877 494 932 Ο
507 893 597 945 quum
611 874 734 931 tremui!

307 945 489 1001 Condemnot
503 963 550 1001 me
563 963 643 1001 nuno
657 944 810 1014 Dominus,

306 1017 374 1071 Hoc
387 1017 482 1071 iectus
493 1033 559 1070 sum
572 1015 704 1087 opperiri.

254 1190 272 1243 9
308 1175 387 1229 Dum
399 1173 529 1244 loquitur
540 1174 692 1245 obstupui!

307 1244 439 1313 Benigno
452 1262 541 1313 quom
554 1245 643 1300 facies
655 1245 707 1300 sir!

307 1317 362 1369 Cor
375 1313 445 1369 fecit
458 1314 500 1368 mi
519 1321 549 1370 et
561 1315 672 1371 conteri
683 1335 690 1383 ;

308 1385 521 1439 Mirabundum
539 1403 591 1455 per
602 1386 727 1456 gratiam
743 1386 787 1440 fit.

239 1554 271 1593 10
306 1542 391 1596 “Tua
405 1541 519 1597 Scelere
530 1542 617 1612 piune
629 1560 748 1598 noscam
759 1562 766 1611 ;

309 1613 364 1667 Per
375 1619 405 1667 te
418 1629 472 1680 ego
484 1612 619 1667 venditus
630 1629 695 1667 sum
707 1633 713 1680 ;

305 1684 347 1736 At
360 1699 459 1751 passus
472 1689 501 1737 et
514 1689 647 1737 mortuus
660 1701 750 1752 erum,

305 1752 346 1808 Te
358 1755 454 1808 iecere
472 1751 676 1832 uitiosimuml’

239 1922 267 1962 11
307 1909 405 1965 “Sum
418 1911 501 1966 Jesus
514 1928 602 1980 quem
614 1911 847 1982 blasphemebue,

307 1980 350 2035 Tu
362 1998 448 2050 saepe
461 1981 628 2036 mactavisti
640 2000 688 2038 me
699 2001 706 2050 ;

306 2050 362 2106 Sed
375 2050 458 2106 nobis
469 2050 507 2105 sit
519 2069 598 2106 nuno
612 2053 717 2120 unitas,

308 2120 751 2192 Conjunetismaxirnmopere.‘'
787 2151 789 2156 ¹

240 2307 271 2346 12
308 2293 479 2349 “Hilariter
491 2294 608 2350 venium
621 2294 666 2356 do.

306 2365 346 2418 Et
359 2364 457 2435 copias
468 2365 661 2434 suppleverim
672 2385 678 2434 ;

305 2435 457 2489 Salvaurm
471 2442 500 2490 et
514 2445 542 2490 te
555 2435 655 2506 dirigo,

308 2504 356 2559 Ad
368 2504 491 2574 gloriam
504 2506 596 2560 altam
609 2514 638 2562 et
652 2505 741 2562 vim.”

240 2675 271 2730 13
308 2661 324 2692 ‘¹
333 2660 523 2717 Praeconium
536 2663 583 2718 fue
601 2662 749 2734 improbis,

307 2733 347 2788 Ut
360 2732 420 2787 cito
432 2731 528 2787 adme
541 2734 689 2801 venerint;

308 2803 363 2857 Per
374 2801 499 2871 gratiam
514 2819 603 2874 quam
617 2803 762 2874 invenis3.

306 2871 374 2938 Dio,
386 2872 701 2954 opetiaumpliosiutss’
721 2903 723 2910 v
795 2891 815 2933 ·.,·
835 2880 839 2906 ³
890 2893 945 2932 ’,.,

239 3043 271 3097 14
308 3028 438 3098 obedite,
449 3031 472 3088 Ο
486 3047 536 3086 vos
548 3031 690 3102 improbi;

305 3100 409 3170 EJioire
421 3101 587 3170 perfugium
597 3121 604 3170 ;

304 3171 460 3241 Properate
474 3188 522 3227 vos
533 3171 686 3252 proficisci,

305 3241 353 3297 Ad
366 3241 467 3297 Jeoum
480 3241 702 3300 amicissimum.
718 3293 720 3296 .
789 3291 805 3302 ,,
871 3305 873 3312 ,
