2320 3722
503 295 541 352 43

139 461 154 514 3
188 446 295 511 Iforte
309 462 386 516 ergo,
399 443 518 524 anima3

223 516 374 586 Portisque
386 515 458 572 cccii
472 531 594 584 propera
605 531 611 579 ;

188 589 250 656 Qus)
262 604 329 658 pax.
343 591 497 646 aeternum
515 583 667 654 gaudium,

221 657 388 713 Victoribus
400 661 469 709 eunt
481 653 656 725 praemium.

138 812 155 864 4
190 799 261 853 Cum
275 795 366 852 stellis
378 801 534 851 coronatus
548 799 621 858 tum,

220 867 422 936 Triumphabo
434 865 463 918 in
480 863 657 930 Deminmn;

186 939 223 992 Et
236 955 339 993 omnes
350 936 382 990 hi
394 933 582 993 sanctissimi.

219 1009 373 1064 Sonabant
386 1005 503 1060 laudem
518 1003 647 1060 Domini.

107 1129 173 1215 19.

213 1235 336 1284 Remiact'o
345 1250 445 1297 paenae
456 1249 513 1282 cum
522 1233 677 1296 poenotentt'a
689 1230 839 1293 implorata.

138 1347 148 1384 1
186 1333 360 1388 Omiserere
384 1331 519 1388 Domine.

188 1404 330 1458 Permitte
344 1420 451 1472 meque
464 1401 560 1466 vivere
572 1419 578 1468 ;

185 1475 261 1528 Nam
276 1491 385 1542 magna
400 1481 453 1528 tua
464 1471 568 1542 gratia,

186 1544 238 1598 Est
251 1543 325 1597 mihi
338 1541 524 1598 confidentia.

137 1696 152 1734 2
186 1684 350 1752 Permagna
362 1701 429 1738 mea
441 1681 575 1748 crimina,

187 1754 240 1808 Sed
255 1754 347 1822 major
357 1760 412 1826 'tua
422 1754 531 1821 gratim

184 1825 260 1878 Nam
275 1831 308 1877 tc
323 1841 382 1878 non
396 1824 541 1878 limitatus
554 1840 593 1885 ee.

185 1893 400 1950 Remissicnem
413 1912 481 1964 ergo
492 1893 549 1951 dec.

140 2047 154 2100 3
186 2034 399 2090 Olavamcam
419 2034 560 2098 enimam,

186 2105 223 2157 Et
235 2122 329 2174 purga
341 2104 550 2160 conscientiam
562 2122 567 2166 ;

187 2175 221 2228 In
234 2175 321 2230 corde
334 2191 403 2228 nam
417 2193 568 2244 oppressus
580 2190 657 2240 sum,

188 2244 319 2300 Peccatis
331 2253 361 2300 et
374 2245 503 2300 obsessus
515 2261 589 2298 eum.

139 2397 155 2450 4
188 2385 312 2440 Peccata
324 2384 397 2440 haec
410 2402 478 2440 cum
492 2385 611 2454 pudore,

188 2455 334 2510 Confiteor
347 2455 527 2520 liumiliime;

186 2527 289 2580 Severe
301 2524 325 2579 si
338 2533 370 2579 tu
380 2525 501 2595 jndicem

187 2596 317 2660 Fercem,
331 2605 362 2650 at
375 2605 407 2650 tu
416 2595 512 2665 justus
530 2613 567 2652 es.

142 2745 154 2802 5
187 2734 215 2790 Si
229 2735 289 2792 cito
301 2736 514 2792 condemnatus
526 2735 591 2802 sim,

188 2805 235 2859 Ah
251 2808 316 2860 mel
337 2824 407 2860 nam
420 2806 546 2861 sentiam
560 2805 662 2862 mortis
675 2805 734 2861 vim
747 2823 755 2875 ;

187 2875 214 2930 Si
229 2875 260 2931 in
273 2875 388 2931 inferno
401 2894 529 2946 peream,

188 2946 243 3000 Per
251 2947 363 3015 juetam
376 2947 469 3016 legem
479 2947 604 3016 jaceam.

142 3078 157 3132 6
188 3080 242 3136 Sed
256 3081 424 3150 improbum
437 3080 547 3137 salvato
560 3100 618 3150 me,

187 3151 309 3206 Confido
321 3151 384 3214 tibi,
398 3152 523 3207 Domine
534 3171 540 3219 ς

184 3221 307 3276 Inventa
321 3221 358 3276 sit
371 3223 532 3290 promissi0‚

187 3292 225 3346 Et
237 3293 324 3361 piena
336 3291 503 3346 consolatio.
