2346 3734
577 294 631 350 109

315 450 331 487 2
370 437 467 503 Quam
481 441 569 508 possit
583 443 675 498 verbis
688 444 797 514 perlegi

407 509 502 575 Quam
517 521 617 579 gratus
630 514 683 569 tibi
695 514 765 570 sim!

369 576 405 630 In
419 580 505 635 corde
518 597 584 638 meo
596 584 672 639 t'elici

403 648 446 702 Tu
459 649 536 706 vides
548 652 641 708 laudis
655 655 723 710 vim.

316 801 332 853 3
369 787 626 848 PatrocinatusTu
640 795 725 850 esmi

406 858 460 913 Per
472 862 685 930 providentium
697 885 705 932 ;

369 926 403 980 In
418 937 502 986 utero
513 933 583 987 dum
593 934 682 1004 jacui,

402 999 441 1052 Et
453 1018 505 1069 per
516 1001 684 1062 infantiam.

316 1151 334 1202 4
370 1138 504 1196 Puereles
516 1143 552 1196 ad
566 1147 708 1213 querelas,

402 1210 540 1267 Attentus
552 1232 668 1285 semper
679 1236 718 1284 ee,

366 1277 405 1331 Et
418 1278 494 1336 iuter
507 1286 719 1355 queremonias,

403 1351 523 1407 Auxilia
535 1354 666 1413 donares.

315 1500 329 1556 5
365 1489 441 1545 Nam
455 1492 532 1548 bona
541 1499 605 1549 tum
619 1496 784 1569 innumera,

401 1563 444 1616 Tu
458 1563 602 1620 donavisti
615 1567 665 1634 mi,

367 1632 445 1686 Dum
460 1634 515 1687 fuit
529 1651 612 1690 meus
624 1637 771 1708 imperita,

400 1703 506 1772 Iguara
519 1705 647 1762 Domini.

312 1843 330 1895 6
365 1843 443 1898 Dum
457 1843 564 1913 degens
576 1847 653 1904 iuter
660 1850 791 1920 juvence,

399 1915 540 1969 Iueuutus
553 1920 693 1986 steterim,

364 1986 407 2039 Tu
421 1985 574 2040 brachium
588 1989 748 2056 adhiberes,

398 2055 438 2109 Ut
449 2073 564 2126 semper
573 2059 668 2115 salvus
680 2059 744 2116 sim.

312 2207 328 2260 7
365 2196 418 2250 Per
431 2196 531 2251 abdita
543 2197 672 2267 pericula

399 2267 443 2319 Tu
455 2267 620 2323 conduxisti
636 2288 698 2337 me;

363 2337 417 2392 Per
429 2337 501 2391 vitia
513 2338 710 2407 blandissima,

395 2406 452 2462 His
464 2407 651 2479 noxioraque.

311 2545 327 2598 8
363 2547 442 2602 Dum
456 2554 630 2618 aegrotatus,
641 2558 768 2634 saepetu

396 2619 463 2674 Hoc
476 2636 579 2689 eorpus
591 2631 716 2691 sanast13

361 2687 409 2741 Ab
422 2687 525 2745 vitioso
538 2691 641 2746 habitu

396 2759 445 2814 Me
457 2777 543 2829 saepe
555 2761 682 2819 salvasti.

308 2892 326 2946 9
360 2877 528 2934 Exuberare
540 2881 680 2950 poculum

396 2948 503 3004 Fecisti
515 2950 571 3005 hoc
583 2969 636 3021 pro
648 2971 696 3008 me
707 2972 713 3020 ;

359 3017 398 3070 Et
410 3035 461 3087 per
473 3019 604 3074 amicum
615 3022 729 3077 socium
790 3071 797 3086 ,

378 3087 497 3143 Auxisti
510 3107 649 3147 maxime.

294 3237 326 3278 ιο
360 3225 416 3279 Pro
427 3225 564 3282 omnibus
574 3227 620 3279 his
631 3227 743 3293 gratiis,

397 3295 432 3347 Iu
445 3294 505 3348 dies
518 3295 635 3348 laudem
650 3301 678 3346 te
690 3312 695 3356 ;
