2320 3722
595 240 632 294 22

191 379 208 432 6
227 378 273 434 Ad
286 381 384 437 ocui0s
396 399 514 439 crucem
527 385 699 442 dormitanti
712 387 784 441 mihi
799 396 949 446 monstra:

225 450 342 504 illustra
355 453 497 518 tenebras,
511 463 540 510 et
555 473 601 512 me
614 457 692 525 erige
706 458 795 514 visere
807 461 919 515 coelos:
940 469 942 473 '

225 520 279 582 Em
293 521 415 578 umbrae
427 524 557 592 fugiunt!
572 533 601 581 ei
615 545 701 583 mene
714 529 865 592 rubescere
883 531 999 601 coepit!

224 591 259 644 In
271 590 338 658 viia,
347 591 376 645 in
387 602 488 661 morie,
499 597 524 651 Ο
534 597 670 659 Domine,
679 599 753 654 OTu
764 617 881 655 mecum
891 601 1034 660 habitato!

192 707 222 790 6

223 773 231 792 ⁹
257 810 308 860 Tire
325 813 478 874 eameafler
495 815 533 864 rie
550 818 698 879 methodos
720 819 825 868 moder-n
843 819 969 884 Proeody.

245 924 254 961 1
294 911 415 965 Maneio
428 930 554 974 mecum.
568 933 669 986 vesper
686 923 831 988 properat,

332 982 450 1038 Maricio
464 985 596 1049 Domine,
610 988 810 1042 tenebrescat:

294 1050 400 1104 Absint
413 1053 531 1120 auxilie,
543 1063 572 1110 et
590 1056 687 1110 duleis
695 1077 701 1124 ;

327 1121 370 1174 Tu
384 1123 466 1178 Soter
478 1123 608 1194 inopum.
628 1129 652 1182 0
666 1144 783 1182 mecum
796 1131 858 1182 siai

242 1275 257 1312 2
293 1262 361 1315 Hae
374 1261 474 1318 breves
487 1263 547 1320 dies
562 1267 646 1325 vitae.
660 1267 805 1332 mimrirrt;

330 1331 487 1387 Terrestris
500 1336 576 1390 bona
589 1338 688 1392 omnia
701 1356 788 1392 caeca
800 1338 876 1394 sini:

292 1401 410 1455 Mutata
422 1404 521 1458 omnia
534 1406 754 1476 circumspicio:

329 1471 371 1524 Tu
385 1490 499 1543 semper
512 1474 589 1531 idem
604 1497 642 1545 es,
655 1479 678 1533 Ο
692 1485 819 1534 maneto.

241 1628 255 1680 3
292 1611 450 1680 Aspeotum
465 1614 591 1680 brevem,
606 1635 664 1674 noo
683 1618 821 1676 desidero,

327 1682 366 1736 Ut
379 1699 446 1736 eum
461 1685 622 1756 descipulis,
636 1692 660 1745 Ο
673 1696 810 1744 maneto:

291 1752 463 1818 marcoris,
478 1757 576 1824 comis,
592 1759 687 1823 libere,

327 1823 365 1876 Ut
379 1823 481 1893 hospes
495 1845 561 1894 non,
574 1829 623 1884 sed
637 1847 754 1885 meeum
769 1847 899 1886 manere.

237 1978 255 2028 4
290 1964 356 2016 Non
370 1971 403 2018 ut
416 1982 465 2018 rex
479 1967 568 2024 ferox,
582 1987 649 2024 cum
665 1970 857 2026 terroribus-

326 2036 366 2087 Ar
379 2034 471 2089 bonus
484 2044 513 2091 ei
527 2039 668 2108 benignus
688 2039 836 2095 medicus:

290 2104 346 2158 Pro
359 2105 457 2173 poenis
470 2108 575 2163 nestris
586 2111 748 2176 irrisemiio;

327 2173 432 2230 Amice
444 2176 657 2247 improborum,
673 2190 801 2235 moneto.

238 2327 250 2384 5
289 2315 434 2369 Presentii
446 2323 495 2370 tue
509 2336 626 2375 mecum
639 2337 753 2391 semper
765 2321 819 2376 sis:

323 2385 365 2437 Tu
381 2386 467 2440 modo
479 2388 575 2443 hostes
590 2409 668 2446 meos
682 2390 815 2460 reprimis
828 2411 834 2458 ;

289 2456 420 2510 Salvator
433 2464 465 2511 et
477 2458 609 2515 Direetor
621 2463 697 2517 solus
710 2481 747 2520 es

325 2527 379 2580 Per
392 2544 494 2583 omnes
505 2529 558 2584 hes
578 2531 797 2588 vicissitudines.

237 2666 254 2718 6
290 2667 354 2720 Non
369 2665 460 2723 timeo
472 2668 585 2725 hostem
601 2690 694 2740 quum
709 2683 740 2728 tu
755 2679 871 2744 praesto
883 2673 940 2744 sis3

323 2737 357 2789 In
371 2737 454 2792 molis
467 2739 543 2794 bone
555 2742 613 2796 sini
627 2761 633 2808 ;
646 2743 675 2797 in
695 2743 839 2810 lacrimis;

288 2808 349 2862 Nec
362 2807 454 2861 telum
469 2811 555 2864 morti
569 2830 623 2867 nec
643 2815 781 2881 victoria3

322 2877 383 2933 sim
397 2878 488 2934 victor
502 2887 552 2934 irre
563 2882 593 2936 in
606 2885 744 2953 potentii.

234 3032 249 3084 7
286 3019 329 3072 To
343 3017 454 3072 irrisisti
469 3020 541 3074 mihi
558 3022 657 3090 juveni
670 3044 676 3090 ;

322 3089 359 3141 m
373 3105 553 3157 quamquam
568 3110 654 3160 saepe
668 3102 696 3148 te
710 3094 833 3156 deserui,

285 3158 327 3212 Tu
343 3175 390 3210 me
404 3175 461 3212 noo
474 3160 616 3214 statuistis
632 3161 784 3230 linquere—

319 3227 368 3282 Ad
381 3227 470 3282 finem
486 3245 572 3285 mane
586 3248 712 3296 mecum,
728 3233 862 3290 Dmnine.
