2346 3734
559 279 596 336 79

140 360 222 447 39⁶
403 459 539 511 Plenitudo
550 455 745 519 rarefactum,

185 561 198 598 1
237 545 289 599 Est
303 544 415 600 flumen
429 543 550 613 plenum
562 536 720 608 sanguini&

271 617 366 683 Quem
380 615 449 670 Jesu
463 629 557 670 renue
569 609 642 664 dunt
655 626 662 675 ;

238 686 276 739 Er
288 683 416 756 improbi
428 681 521 738 abluti
532 681 596 747 hoc,

273 753 403 826 Purgati,
416 751 510 809 sancti
522 758 611 806 stant.

187 909 205 948 2
239 896 299 949 Fur
312 895 440 952 moriens
453 891 552 947 videns
564 886 690 959 gavisuS,

279 967 346 1022 Hoc
359 964 470 1020 fiumen
484 961 625 1026 autehfio;

245 1036 284 1090 Ut
296 1035 457 1104 similisque
469 1049 560 1103 purus
573 1029 638 1097 sim,

274 1108 298 1162 Ο
309 1107 326 1160 J
329 1123 389 1172 eeu,
403 1107 490 1172 Deue,
503 1103 558 1157 fac.

194 1261 209 1314 3
242 1247 266 1302 Ο
279 1248 382 1315 Agnus
394 1243 528 1300 moriens.
541 1239 658 1309 sanguis
670 1237 728 1308 hie,

276 1317 445 1370 Exhaustus
455 1329 606 1381 nunquam
621 1309 666 1376 sit,

246 1385 417 1456 Redemptis
428 1385 521 1439 donec
534 1380 678 1448 omnibus,

276 1458 360 1511 Haec
371 1456 448 1511 salus
461 1452 557 1509 fuerit.

191 1611 209 1663 4
245 1597 312 1651 Post
324 1613 378 1665 ego
390 1592 604 1656 fidevidebam,

280 1667 347 1722 Hoc
362 1666 473 1719 flumen
486 1659 653 1731 sanguinis;

245 1737 305 1792 Hic
318 1753 401 1792 amor
415 1736 517 1789 thema
530 1749 631 1787 meum
644 1735 697 1798 est,

280 1808 336 1863 Pro
349 1805 416 1862 totis
428 1803 540 1860 seculis.

196 1961 209 2017 5
244 1948 282 2002 Et
294 1963 387 2016 quum
400 1946 473 2000 haee
485 1943 585 2013 lingua
597 1939 707 2009 debilis,

279 2019 314 2071 In
329 2024 423 2071 morte
436 2015 540 2076 silebit,

242 2089 319 2143 Tum
333 2095 438 2142 cantus
450 2082 655 2150 nobilissimus,

279 2159 328 2212 Me
341 2159 436 2212 faetus
448 2154 546 2211 fuerit.

157 2225 231 2328 40.

482 2325 547 2375 Shee
558 2324 681 2374 Caelestis.

230 2425 241 2464 1
280 2412 361 2466 Dum
373 2407 459 2533 plane
472 2425 539 2463 mea
551 2406 665 2476 legitur,

315 2482 372 2536 Coe
383 2478 451 2536 estis
463 2478 596 2540 arrhabo,

280 2551 356 2605 Turn'
370 2549 464 2605 omnis
477 2555 574 2603 metus
582 2545 702 2616 jacitur,

317 2621 355 2675 Et
369 2619 455 2674 fletus
467 2635 627 2688 eupprrmo.

230 2777 245 2815 2
282 2759 311 2817 Si
325 2766 403 2816 totus
416 2757 544 2813 mundus
556 2758 694 2823 obstaret,

318 2829 490 2885 Flammosis
498 2827 611 2897 jaculis,

281 2902 356 2956 rum
370 2915 536 2970 spernerem
550 2897 710 2964 diabolum,

317 2974 393 3026 Cum
406 2967 510 3023 mundi
522 2967 604 3023 odiis.

231 3130 246 3184 3
282 3113 426 3168 Curerum
439 3109 546 3163 fluetus
559 3105 700 3172 venirent,

285 3181 288 3188 '
318 3182 459 3237 Dolorum
472 3177 566 3231 nimbi
578 3176 658 3239 flent,

284 3253 350 3306 Non
363 3265 473 3304 curem.
487 3247 573 3300 coelis
586 3244 715 3304 veniam,

318 3319 374 3387 Qui
388 3315 489 3371 omnia
500 3313 676 3381 supplerent.
