2346 3734
504 280 543 335 93

180 447 197 500 3
233 432 347 498 Oleum,
360 433 384 486 Ο
397 432 504 498 Βυρεε,
518 427 642 496 melque,
655 426 772 496 deaque,

233 501 271 556 Et
284 520 335 572 per
347 501 496 556 desertum
509 497 680 566 dirgiesque,

233 573 367 627 Perfecta
379 580 432 625 tua
443 587 531 638 opera
543 569 628 634 bona,

232 644 307 697 Sunt
320 643 396 696 salae
408 640 501 710 plena,
515 639 605 693 libera
618 640 703 693 bona.

233 714 257 767 0
271 714 383 782 Rupes!
403 712 427 765 Ο
439 710 570 764 Salvator
583 709 640 762 mi!

233 782 278 836 Ad
289 789 319 837 te
333 798 423 850 quum
438 780 545 834 fluetus
557 779 644 846 efferi¹

233 852 281 907 Me
294 852 407 907 circum
420 851 559 911 fremunt,
572 850 661 919 sugi0,

232 925 357 978 Securus
370 923 425 977 hoe
438 919 579 975 Praesidio,

182 1076 195 1133 5
233 1064 271 1116 Et
283 1062 390 1117 ultima
402 1078 495 1131 quum
508 1058 569 1116 dies
581 1060 638 1128 illa,

233 1135 300 1188 Hoc
314 1133 429 1188 “solvet
441 1132 551 1187 seclum
564 1131 596 1185 in
609 1131 734 1200 favilla,’'

232 1204 266 1257 In
281 1203 418 1268 umbram
435 1208 518 1255 tuam
534 1201 641 1256 abdern
654 1220 710 1269 me,

233 1275 356 1328 AEteruo
368 1271 505 1326 habitans
517 1271 546 1324 in
561 1272 610 1327 Te.

233 1345 272 1398 Te
285 1343 421 1404 adorabo,
433 1342 625 1412 applaudere,

232 1415 272 1468 Te
285 1412 433 1468 Christum
448 1413 562 1492 Rupem
577 1419 643 1466 turn
655 1413 798 1482 laudabo;

234 1485 314 1538 Dum
328 1493 448 1538 eentum
469 1481 560 1536 millia
572 1485 752 1551 augelorum,

233 1554 271 1607 Et
284 1560 403 1608 eentum
418 1551 509 1606 millia
525 1553 712 1620 salvatorum,

232 1624 395 1693 Jungentes
407 1640 437 1677 se
450 1623 480 1676 in
494 1622 577 1676 illum
590 1624 722 1692 chorum,

233 1693 411 1748 Laudabunt
424 1693 540 1762 Rupeur
553 1693 735 1760 Seeulmrrm,

232 1765 403 1833 Regemque
421 1781 524 1833 regum
537 1771 566 1819 et
578 1764 709 1833 deorum,

233 1834 269 1888 In
282 1835 439 1904 seculaquo
451 1835 615 1889 seculorum
627 1837 632 1887 l

108 1974 175 2076 48
462 1905 604 1961 Alleluia!
624 1910 735 1963 Amen!

220 2092 229 2129 1
268 2076 442 2133 Caeruleum
461 2075 675 2146 amplissimum

268 2149 336 2202 Hoc
348 2148 473 2206 coelum,
485 2155 515 2203 et
528 2147 712 2214 altissimum,

268 2217 445 2272 Mieantibus
459 2234 527 2272 eum
540 2218 636 2280 stellis,
651 2225 718 2287 stat,

268 2288 308 2341 Ut
326 2289 494 2343 Creatorem
513 2289 660 2359 praebeat.

218 2423 233 2462 2
269 2407 410 2463 Assiduus
419 2409 460 2464 eol
473 2416 614 2478 perpetuo

268 2479 399 2534 Testator
412 2485 454 2533 est
467 2479 503 2534 de
523 2479 659 2544 Domine,

269 2549 316 2602 Ad
329 2554 420 2603 terras
432 2567 533 2604 omnes
551 2548 677 2616 dictitat,

269 2619 307 2672 Et
325 2618 376 2673 rei
388 2637 476 2688 opera
488 2618 647 2688 praedicat.

217 2757 233 2810 3
268 2743 366 2808 Quum
381 2739 553 2810 vesperascit
567 2739 657 2808 terrie,
678 2757 748 2798 mox

269 2810 398 2865 Auditur
411 2811 489 2866 clara
503 2811 589 2866 lunae
603 2829 669 2877 vox,

268 2881 429 2937 Clementis
442 2887 529 2936 noctu
549 2881 694 2949 omnibue

268 2953 313 3006 De
325 2968 384 3020 quo
396 2958 439 3005 est
449 2952 577 3006 muudus
589 2953 713 3021 genitua

214 3087 233 3139 4
268 3073 469 3126 Flammautes
481 3072 581 3127 stellae
594 3072 744 3140 candidae,

268 3142 406 3196 Planetae
419 3149 508 3210 atque
518 3151 641 3198 mutuae

269 3213 459 3274 Confirmant,
474 3212 546 3265 dum
558 3213 725 3276 volvuntur,
739 3229 784 3268 res

269 3281 317 3336 Ad
329 3281 405 3338 orbis
418 3281 523 3336 muudi
534 3282 678 3338 cardines.
