<?xml version="1.0" encoding="UTF-8"?>
<!DOCTYPE html PUBLIC "-//W3C//DTD XHTML 1.0 Transitional//EN"
    "http://www.w3.org/TR/xhtml1/DTD/xhtml1-transitional.dtd">
<html xmlns="http://www.w3.org/1999/xhtml" xml:lang="en" lang="en">
 <head>
  <title>
</title>
<meta http-equiv="Content-Type" content="text/html;charset=utf-8" />
  <meta name='ocr-system' content='tesseract 3.04.00' />
  <meta name='ocr-capabilities' content='ocr_page ocr_carea ocr_par ocr_line ocrx_word'/>
</head>
<body>
  <div class='ocr_page' id='page_1' title='image "./hymnirecentesla00randgoog_0171.png"; bbox 0 0 2346 3734; ppageno 0'>
   <div class='ocr_carea' id='block_1_1' title="bbox 586 270 642 326">
    <p class='ocr_par' dir='ltr' id='par_1_1' title="bbox 586 270 642 326">
     <span class='ocr_line' id='line_1_1' title="bbox 586 270 642 326; baseline -0.036 0"><span class='ocrx_word' id='word_1_1' title='bbox 586 270 642 326; x_wconf 82' lang='lat'>164</span> 
     </span>
    </p>
   </div>
   <div class='ocr_carea' id='block_1_2' title="bbox 260 417 894 1050">
    <p class='ocr_par' dir='ltr' id='par_1_2' title="bbox 260 417 894 1050">
     <span class='ocr_line' id='line_1_2' title="bbox 260 417 664 481; baseline -0.002 -7"><span class='ocrx_word' id='word_1_2' title='bbox 260 435 276 474; x_wconf 71' lang='grc' dir='ltr'>ε»</span> <span class='ocrx_word' id='word_1_3' title='bbox 311 419 340 476; x_wconf 82' lang='lat' dir='ltr'>Si</span> <span class='ocrx_word' id='word_1_4' title='bbox 352 417 436 476; x_wconf 80' lang='lat' dir='ltr'>nobis</span> <span class='ocrx_word' id='word_1_5' title='bbox 448 417 591 475; x_wconf 63' lang='lat' dir='ltr'>fides-mus</span> <span class='ocrx_word' id='word_1_6' title='bbox 603 434 664 481; x_wconf 84' lang='lat' dir='ltr'>nus,</span> 
     </span>
     <span class='ocr_line' id='line_1_3' title="bbox 346 488 724 558; baseline -0.013 -13"><span class='ocrx_word' id='word_1_7' title='bbox 346 489 389 546; x_wconf 79' lang='lat' dir='ltr'>Sit</span> <span class='ocrx_word' id='word_1_8' title='bbox 401 488 492 545; x_wconf 79' lang='lat' dir='ltr'>hostis</span> <span class='ocrx_word' id='word_1_9' title='bbox 505 488 703 558; x_wconf 77' lang='lat' dir='ltr'><strong>triumphator</strong></span> <span class='ocrx_word' id='word_1_10' title='bbox 715 504 724 552; x_wconf 82' lang='grc'><strong>;</strong></span> 
     </span>
     <span class='ocr_line' id='line_1_4' title="bbox 312 558 694 623; baseline -0.013 -6"><span class='ocrx_word' id='word_1_11' title='bbox 312 561 366 617; x_wconf 81' lang='lat' dir='ltr'>Sed</span> <span class='ocrx_word' id='word_1_12' title='bbox 380 559 450 616; x_wconf 81' lang='lat' dir='ltr'>seuit</span> <span class='ocrx_word' id='word_1_13' title='bbox 462 577 514 616; x_wconf 89' lang='lat' dir='ltr'>nos</span> <span class='ocrx_word' id='word_1_14' title='bbox 526 558 694 623; x_wconf 72' lang='lat' dir='ltr'>tutissimos,</span> 
     </span>
     <span class='ocr_line' id='line_1_5' title="bbox 347 629 708 700; baseline -0.014 -15"><span class='ocrx_word' id='word_1_15' title='bbox 347 629 404 700; x_wconf 74' lang='lat' dir='ltr'>Qui</span> <span class='ocrx_word' id='word_1_16' title='bbox 416 630 502 684; x_wconf 79' lang='lat' dir='ltr'>datus</span> <span class='ocrx_word' id='word_1_17' title='bbox 515 635 556 685; x_wconf 79' lang='lat' dir='ltr'>est</span> <span class='ocrx_word' id='word_1_18' title='bbox 570 629 708 684; x_wconf 77' lang='lat' dir='ltr'>Salvator.</span> 
     </span>
     <span class='ocr_line' id='line_1_6' title="bbox 384 698 713 769; baseline -0.006 -15"><span class='ocrx_word' id='word_1_19' title='bbox 384 698 454 769; x_wconf 80' lang='lat' dir='ltr'>Quis</span> <span class='ocrx_word' id='word_1_20' title='bbox 466 699 521 754; x_wconf 80' lang='lat' dir='ltr'>sit?</span> <span class='ocrx_word' id='word_1_21' title='bbox 533 698 713 768; x_wconf 78' lang='lat' dir='ltr'>inquirisne?</span> 
     </span>
     <span class='ocr_line' id='line_1_7' title="bbox 383 768 656 838; baseline -0.011 -12"><span class='ocrx_word' id='word_1_22' title='bbox 383 771 475 838; x_wconf 85' lang='lat' dir='ltr'>Jesus,</span> <span class='ocrx_word' id='word_1_23' title='bbox 488 768 656 835; x_wconf 80' lang='lat' dir='ltr'>certissime,</span> 
     </span>
     <span class='ocr_line' id='line_1_8' title="bbox 382 839 684 904; baseline -0.007 -8"><span class='ocrx_word' id='word_1_24' title='bbox 382 839 509 896; x_wconf 77' lang='lat' dir='ltr'><strong>Sabaoth</strong></span> <span class='ocrx_word' id='word_1_25' title='bbox 524 839 684 904; x_wconf 88' lang='lat' dir='ltr'>Dominus;</span> 
     </span>
     <span class='ocr_line' id='line_1_9' title="bbox 386 908 648 980; baseline 0.004 -15"><span class='ocrx_word' id='word_1_26' title='bbox 386 913 464 966; x_wconf 90' lang='lat' dir='ltr'>Deus</span> <span class='ocrx_word' id='word_1_27' title='bbox 476 908 648 980; x_wconf 79' lang='lat' dir='ltr'>Ipsissimus.</span> 
     </span>
     <span class='ocr_line' id='line_1_10' title="bbox 385 977 894 1050; baseline -0.008 -15"><span class='ocrx_word' id='word_1_28' title='bbox 385 981 421 1035; x_wconf 92' lang='lat' dir='ltr'>In</span> <span class='ocrx_word' id='word_1_29' title='bbox 434 979 538 1050; x_wconf 80' lang='lat' dir='ltr'>pugnis</span> <span class='ocrx_word' id='word_1_30' title='bbox 556 997 670 1050; x_wconf 80' lang='lat' dir='ltr'>semper</span> <span class='ocrx_word' id='word_1_31' title='bbox 690 977 789 1034; x_wconf 71' lang='lat' dir='ltr'><strong>victor.</strong></span> <span class='ocrx_word' id='word_1_32' title='bbox 892 1011 894 1015; x_wconf 92' lang='lat'><em>-</em></span> 
     </span>
    </p>
   </div>
   <div class='ocr_carea' id='block_1_3' title="bbox 265 1119 817 1752">
    <p class='ocr_par' dir='ltr' id='par_1_3' title="bbox 265 1119 817 1193">
     <span class='ocr_line' id='line_1_11' title="bbox 265 1119 817 1193; baseline -0.013 -15"><span class='ocrx_word' id='word_1_33' title='bbox 265 1140 281 1193; x_wconf 88' lang='lat'><strong>3</strong></span> <span class='ocrx_word' id='word_1_34' title='bbox 316 1121 359 1178; x_wconf 69' lang='lat' dir='ltr'>Sir</span> <span class='ocrx_word' id='word_1_35' title='bbox 372 1119 500 1176; x_wconf 88' lang='lat' dir='ltr'>muudus</span> <span class='ocrx_word' id='word_1_36' title='bbox 512 1120 615 1189; x_wconf 82' lang='lat' dir='ltr'>plenus</span> <span class='ocrx_word' id='word_1_37' title='bbox 626 1119 817 1185; x_wconf 57' lang='lat' dir='ltr'>daemonum</span> 
     </span>
    </p>

    <p class='ocr_par' dir='ltr' id='par_1_4' title="bbox 352 1190 696 1255">
     <span class='ocr_line' id='line_1_12' title="bbox 352 1190 696 1255; baseline 0 -11"><span class='ocrx_word' id='word_1_38' title='bbox 352 1190 510 1246; x_wconf 82' lang='lat' dir='ltr'>Hiuntium</span> <span class='ocrx_word' id='word_1_39' title='bbox 522 1208 574 1246; x_wconf 85' lang='lat' dir='ltr'>uos</span> <span class='ocrx_word' id='word_1_40' title='bbox 587 1207 696 1255; x_wconf 84' lang='lat' dir='ltr'><strong>vorare,</strong></span> 
     </span>
    </p>

    <p class='ocr_par' dir='ltr' id='par_1_5' title="bbox 317 1260 730 1331">
     <span class='ocr_line' id='line_1_13' title="bbox 317 1260 730 1331; baseline -0.01 -14"><span class='ocrx_word' id='word_1_41' title='bbox 317 1263 382 1318; x_wconf 86' lang='lat' dir='ltr'>Non</span> <span class='ocrx_word' id='word_1_42' title='bbox 396 1261 555 1317; x_wconf 79' lang='lat' dir='ltr'>timeamus</span> <span class='ocrx_word' id='word_1_43' title='bbox 566 1260 711 1331; x_wconf 67' lang='lat' dir='ltr'>impetum</span> <span class='ocrx_word' id='word_1_44' title='bbox 722 1277 730 1327; x_wconf 86' lang='lat'>;</span> 
     </span>
    </p>

    <p class='ocr_par' dir='ltr' id='par_1_6' title="bbox 356 1333 786 1680">
     <span class='ocr_line' id='line_1_14' title="bbox 356 1333 721 1388; baseline -0.011 0"><span class='ocrx_word' id='word_1_45' title='bbox 356 1333 428 1388; x_wconf 79' lang='lat' dir='ltr'>Vult</span> <span class='ocrx_word' id='word_1_46' title='bbox 442 1334 521 1388; x_wconf 91' lang='lat' dir='ltr'>Deus</span> <span class='ocrx_word' id='word_1_47' title='bbox 533 1348 585 1387; x_wconf 89' lang='lat' dir='ltr'>nos</span> <span class='ocrx_word' id='word_1_48' title='bbox 599 1347 721 1386; x_wconf 82' lang='lat' dir='ltr'>servare.</span> 
     </span>
     <span class='ocr_line' id='line_1_15' title="bbox 388 1398 786 1458; baseline -0.015 0"><span class='ocrx_word' id='word_1_49' title='bbox 388 1403 487 1458; x_wconf 73' lang='lat' dir='ltr'>Heus!</span> <span class='ocrx_word' id='word_1_50' title='bbox 502 1401 690 1457; x_wconf 82' lang='lat' dir='ltr'>tenebrarum</span> <span class='ocrx_word' id='word_1_51' title='bbox 703 1398 764 1454; x_wconf 83' lang='lat' dir='ltr'>dux</span> <span class='ocrx_word' id='word_1_52' title='bbox 779 1401 786 1452; x_wconf 81' lang='lat'>1</span> 
     </span>
     <span class='ocr_line' id='line_1_16' title="bbox 389 1470 748 1596; baseline -0.014 -69"><span class='ocrx_word' id='word_1_53' title='bbox 389 1470 526 1596; x_wconf 44' lang='lat' dir='ltr'>Maliffine.</span> <span class='ocrx_word' id='word_1_54' title='bbox 540 1471 648 1536; x_wconf 84' lang='lat' dir='ltr'>furens,</span> <span class='ocrx_word' id='word_1_55' title='bbox 661 1475 730 1524; x_wconf 80' lang='lat' dir='ltr'>trux</span> <span class='ocrx_word' id='word_1_56' title='bbox 741 1487 748 1538; x_wconf 86' lang='lat'>;</span> 
     </span>
     <span class='ocr_line' id='line_1_17' title="bbox 389 1540 667 1606; baseline -0.007 -9"><span class='ocrx_word' id='word_1_57' title='bbox 389 1542 463 1597; x_wconf 85' lang='lat' dir='ltr'>Ludi</span> <span class='ocrx_word' id='word_1_58' title='bbox 485 1541 561 1596; x_wconf 87' lang='lat' dir='ltr'>rium</span> <span class='ocrx_word' id='word_1_59' title='bbox 575 1547 609 1596; x_wconf 70' lang='lat' dir='ltr'>tu</span> <span class='ocrx_word' id='word_1_60' title='bbox 621 1540 667 1606; x_wconf 85' lang='lat' dir='ltr'>sis,</span> 
     </span>
     <span class='ocr_line' id='line_1_18' title="bbox 391 1609 696 1680; baseline -0.01 -11"><span class='ocrx_word' id='word_1_61' title='bbox 391 1615 566 1680; x_wconf 78' lang='lat' dir='ltr'>Damnatus,</span> <span class='ocrx_word' id='word_1_62' title='bbox 578 1609 679 1666; x_wconf 83' lang='lat' dir='ltr'>debilis</span> <span class='ocrx_word' id='word_1_63' title='bbox 690 1628 696 1677; x_wconf 89' lang='lat'>;</span> 
     </span>
    </p>

    <p class='ocr_par' dir='ltr' id='par_1_7' title="bbox 389 1680 798 1752">
     <span class='ocr_line' id='line_1_19' title="bbox 389 1680 798 1752; baseline -0.007 -15"><span class='ocrx_word' id='word_1_64' title='bbox 389 1684 429 1739; x_wconf 82' lang='lat' dir='ltr'>Te</span> <span class='ocrx_word' id='word_1_65' title='bbox 442 1683 524 1752; x_wconf 72' lang='lat' dir='ltr'>sugat</span> <span class='ocrx_word' id='word_1_66' title='bbox 537 1698 659 1752; x_wconf 80' lang='lat' dir='ltr'><strong>parvum</strong></span> <span class='ocrx_word' id='word_1_67' title='bbox 673 1680 798 1736; x_wconf 80' lang='lat' dir='ltr'>dictum.</span> 
     </span>
    </p>
   </div>
   <div class='ocr_carea' id='block_1_4' title="bbox 268 1819 854 2454">
    <p class='ocr_par' dir='ltr' id='par_1_8' title="bbox 268 1819 769 2032">
     <span class='ocr_line' id='line_1_20' title="bbox 268 1819 769 1893; baseline -0.008 -12"><span class='ocrx_word' id='word_1_68' title='bbox 268 1841 286 1893; x_wconf 82' lang='lat'>4</span> <span class='ocrx_word' id='word_1_69' title='bbox 321 1825 388 1880; x_wconf 89' lang='lat' dir='ltr'>Hoc</span> <span class='ocrx_word' id='word_1_70' title='bbox 400 1819 512 1878; x_wconf 70' lang='lat' dir='ltr'>dictum</span> <span class='ocrx_word' id='word_1_71' title='bbox 526 1827 629 1891; x_wconf 80' lang='lat' dir='ltr'>regnet</span> <span class='ocrx_word' id='word_1_72' title='bbox 641 1819 750 1890; x_wconf 87' lang='lat' dir='ltr'>ubique</span> <span class='ocrx_word' id='word_1_73' title='bbox 761 1840 769 1888; x_wconf 85' lang='lat'>;</span> 
     </span>
     <span class='ocr_line' id='line_1_21' title="bbox 356 1891 702 1959; baseline -0.012 -10"><span class='ocrx_word' id='word_1_74' title='bbox 356 1895 411 1949; x_wconf 90' lang='lat' dir='ltr'>Pro</span> <span class='ocrx_word' id='word_1_75' title='bbox 423 1891 506 1948; x_wconf 88' lang='lat' dir='ltr'>nobis</span> <span class='ocrx_word' id='word_1_76' title='bbox 518 1891 546 1946; x_wconf 90' lang='lat' dir='ltr'>id</span> <span class='ocrx_word' id='word_1_77' title='bbox 560 1891 702 1959; x_wconf 83' lang='lat' dir='ltr'>debellut;</span> 
     </span>
     <span class='ocr_line' id='line_1_22' title="bbox 323 1961 663 2032; baseline -0.012 -12"><span class='ocrx_word' id='word_1_78' title='bbox 323 1967 381 2021; x_wconf 77' lang='lat' dir='ltr'>Dat</span> <span class='ocrx_word' id='word_1_79' title='bbox 394 1966 473 2019; x_wconf 87' lang='lat' dir='ltr'>Deus</span> <span class='ocrx_word' id='word_1_80' title='bbox 486 1980 554 2032; x_wconf 84' lang='lat' dir='ltr'>opes</span> <span class='ocrx_word' id='word_1_81' title='bbox 566 1961 663 2029; x_wconf 84' lang='lat' dir='ltr'>libere,</span> 
     </span>
    </p>

    <p class='ocr_par' dir='ltr' id='par_1_9' title="bbox 359 2032 854 2454">
     <span class='ocr_line' id='line_1_23' title="bbox 359 2032 652 2103; baseline -0.014 -14"><span class='ocrx_word' id='word_1_82' title='bbox 359 2035 397 2089; x_wconf 78' lang='lat' dir='ltr'>Et</span> <span class='ocrx_word' id='word_1_83' title='bbox 409 2032 544 2088; x_wconf 86' lang='lat' dir='ltr'>inimicos</span> <span class='ocrx_word' id='word_1_84' title='bbox 556 2032 652 2103; x_wconf 72' lang='lat' dir='ltr'>pellat.</span> 
     </span>
     <span class='ocr_line' id='line_1_24' title="bbox 394 2100 631 2160; baseline -0.013 -2"><span class='ocrx_word' id='word_1_85' title='bbox 394 2105 518 2160; x_wconf 80' lang='lat' dir='ltr'>Pereunt</span> <span class='ocrx_word' id='word_1_86' title='bbox 530 2100 631 2158; x_wconf 80' lang='lat' dir='ltr'>omniu</span> 
     </span>
     <span class='ocr_line' id='line_1_25' title="bbox 392 2171 653 2240; baseline -0.015 -11"><span class='ocrx_word' id='word_1_87' title='bbox 392 2175 475 2229; x_wconf 86' lang='lat' dir='ltr'>Bouu</span> <span class='ocrx_word' id='word_1_88' title='bbox 487 2171 634 2228; x_wconf 80' lang='lat' dir='ltr'><strong>terrestria</strong></span> <span class='ocrx_word' id='word_1_89' title='bbox 644 2190 653 2240; x_wconf 87' lang='lat'>;</span> 
     </span>
     <span class='ocr_line' id='line_1_26' title="bbox 395 2243 695 2312; baseline -0.01 -12"><span class='ocrx_word' id='word_1_90' title='bbox 395 2243 545 2300; x_wconf 77' lang='lat' dir='ltr'>Perimunt</span> <span class='ocrx_word' id='word_1_91' title='bbox 558 2259 695 2312; x_wconf 80' lang='lat' dir='ltr'>corpore;</span> 
     </span>
     <span class='ocr_line' id='line_1_27' title="bbox 394 2312 735 2382; baseline -0.009 -11"><span class='ocrx_word' id='word_1_92' title='bbox 394 2317 479 2371; x_wconf 77' lang='lat' dir='ltr'>Stant</span> <span class='ocrx_word' id='word_1_93' title='bbox 492 2312 574 2369; x_wconf 84' lang='lat' dir='ltr'>uobis</span> <span class='ocrx_word' id='word_1_94' title='bbox 587 2313 735 2382; x_wconf 82' lang='lat' dir='ltr'>optimu-</span> 
     </span>
     <span class='ocr_line' id='line_1_28' title="bbox 396 2387 854 2454; baseline -0.004 -12"><span class='ocrx_word' id='word_1_95' title='bbox 396 2387 559 2442; x_wconf 83' lang='lat' dir='ltr'>Aeteruum</span> <span class='ocrx_word' id='word_1_96' title='bbox 573 2389 705 2439; x_wconf 81' lang='lat' dir='ltr'>nostrum</span> <span class='ocrx_word' id='word_1_97' title='bbox 719 2401 854 2454; x_wconf 80' lang='lat' dir='ltr'>reguum.</span> 
     </span>
    </p>
   </div>
   <div class='ocr_carea' id='block_1_5' title="bbox 205 2456 276 2558">
    <p class='ocr_par' dir='ltr' id='par_1_10' title="bbox 205 2456 276 2558">
     <span class='ocr_line' id='line_1_29' title="bbox 205 2456 276 2558; baseline 0 -18"><span class='ocrx_word' id='word_1_98' title='bbox 205 2456 276 2558; x_wconf 63' lang='grc'>94.</span> 
     </span>
    </p>
   </div>
   <div class='ocr_carea' id='block_1_6' title="bbox 384 2590 876 2757">
    <p class='ocr_par' dir='ltr' id='par_1_11' title="bbox 384 2590 876 2757">
     <span class='ocr_line' id='line_1_30' title="bbox 496 2590 752 2646; baseline 0 0"><span class='ocrx_word' id='word_1_99' title='bbox 496 2591 556 2646; x_wconf 90' lang='lat' dir='ltr'>MY</span> <span class='ocrx_word' id='word_1_100' title='bbox 576 2590 752 2646; x_wconf 68' lang='lat' dir='ltr'><strong>Mo&#39;rHER.</strong></span> 
     </span>
     <span class='ocr_line' id='line_1_31' title="bbox 384 2691 876 2757; baseline -0.004 -13"><span class='ocrx_word' id='word_1_101' title='bbox 384 2694 498 2757; x_wconf 75' lang='lat' dir='ltr'>lWrosed</span> <span class='ocrx_word' id='word_1_102' title='bbox 510 2693 628 2755; x_wconf 81' lang='lat' dir='ltr'>mesrom</span> <span class='ocrx_word' id='word_1_103' title='bbox 639 2693 683 2742; x_wconf 75' lang='lat' dir='ltr'>her</span> <span class='ocrx_word' id='word_1_104' title='bbox 694 2692 773 2756; x_wconf 68' lang='lat' dir='ltr'>yrutle</span> <span class='ocrx_word' id='word_1_105' title='bbox 784 2691 876 2742; x_wconf 61' lang='lat' dir='ltr'>breues.</span> 
     </span>
    </p>
   </div>
   <div class='ocr_carea' id='block_1_7' title="bbox 278 2790 791 3334">
    <p class='ocr_par' dir='ltr' id='par_1_12' title="bbox 280 2790 748 2989">
     <span class='ocr_line' id='line_1_32' title="bbox 280 2790 748 2862; baseline 0.004 -17"><span class='ocrx_word' id='word_1_106' title='bbox 280 2807 288 2845; x_wconf 84' lang='grc' dir='ltr'>ι</span> <span class='ocrx_word' id='word_1_107' title='bbox 327 2793 409 2862; x_wconf 77' lang='lat' dir='ltr'>Quae</span> <span class='ocrx_word' id='word_1_108' title='bbox 422 2810 470 2849; x_wconf 91' lang='lat' dir='ltr'>me</span> <span class='ocrx_word' id='word_1_109' title='bbox 483 2790 606 2847; x_wconf 79' lang='lat' dir='ltr'>nutrivit</span> <span class='ocrx_word' id='word_1_110' title='bbox 656 2796 748 2858; x_wconf 80' lang='lat' dir='ltr'>utore,</span> 
     </span>
     <span class='ocr_line' id='line_1_33' title="bbox 328 2861 737 2932; baseline -0.002 -14"><span class='ocrx_word' id='word_1_111' title='bbox 328 2863 363 2918; x_wconf 92' lang='lat' dir='ltr'>In</span> <span class='ocrx_word' id='word_1_112' title='bbox 377 2861 453 2918; x_wconf 88' lang='lat' dir='ltr'>uluis</span> <span class='ocrx_word' id='word_1_113' title='bbox 465 2868 554 2932; x_wconf 79' lang='lat' dir='ltr'>atque</span> <span class='ocrx_word' id='word_1_114' title='bbox 566 2878 617 2915; x_wconf 93' lang='lat' dir='ltr'>mu</span> <span class='ocrx_word' id='word_1_115' title='bbox 630 2861 667 2916; x_wconf 81' lang='lat' dir='ltr'>sit</span> <span class='ocrx_word' id='word_1_116' title='bbox 680 2878 737 2921; x_wconf 83' lang='lat' dir='ltr'>me.</span> 
     </span>
     <span class='ocr_line' id='line_1_34' title="bbox 330 2931 722 2989; baseline 0 -3"><span class='ocrx_word' id='word_1_117' title='bbox 330 2933 377 2989; x_wconf 86' lang='lat' dir='ltr'>Me</span> <span class='ocrx_word' id='word_1_118' title='bbox 390 2933 524 2989; x_wconf 76' lang='lat' dir='ltr'>osculans</span> <span class='ocrx_word' id='word_1_119' title='bbox 537 2931 722 2987; x_wconf 77' lang='lat' dir='ltr'>dulcissime?</span> 
     </span>
    </p>

    <p class='ocr_par' dir='ltr' id='par_1_13' title="bbox 522 3003 707 3058">
     <span class='ocr_line' id='line_1_35' title="bbox 522 3003 707 3058; baseline -0.016 0"><span class='ocrx_word' id='word_1_120' title='bbox 522 3003 590 3058; x_wconf 80' lang='lat' dir='ltr'>Mea</span> <span class='ocrx_word' id='word_1_121' title='bbox 603 3006 707 3057; x_wconf 79' lang='lat' dir='ltr'>muter.</span> 
     </span>
    </p>

    <p class='ocr_par' dir='ltr' id='par_1_14' title="bbox 278 3068 791 3278">
     <span class='ocr_line' id='line_1_36' title="bbox 278 3068 782 3154; baseline -0.004 -28"><span class='ocrx_word' id='word_1_122' title='bbox 278 3089 293 3126; x_wconf 87' lang='lat'><em>2</em></span> <span class='ocrx_word' id='word_1_123' title='bbox 329 3072 475 3128; x_wconf 80' lang='lat' dir='ltr'>Turbatus</span> <span class='ocrx_word' id='word_1_124' title='bbox 488 3089 580 3154; x_wconf 84' lang='lat' dir='ltr'>quum</span> <span class='ocrx_word' id='word_1_125' title='bbox 593 3089 652 3126; x_wconf 88' lang='lat' dir='ltr'>non</span> <span class='ocrx_word' id='word_1_126' title='bbox 665 3068 782 3137; x_wconf 76' lang='lat' dir='ltr'><strong>dormii,</strong></span> 
     </span>
     <span class='ocr_line' id='line_1_37' title="bbox 330 3139 755 3212; baseline -0.007 -15"><span class='ocrx_word' id='word_1_127' title='bbox 330 3145 412 3212; x_wconf 80' lang='lat' dir='ltr'>Quae</span> <span class='ocrx_word' id='word_1_128' title='bbox 424 3143 549 3198; x_wconf 78' lang='lat' dir='ltr'>dulcrter</span> <span class='ocrx_word' id='word_1_129' title='bbox 561 3140 692 3196; x_wconf 78' lang='lat' dir='ltr'>cantavit</span> <span class='ocrx_word' id='word_1_130' title='bbox 705 3139 755 3207; x_wconf 88' lang='lat' dir='ltr'>mi,</span> 
     </span>
     <span class='ocr_line' id='line_1_38' title="bbox 332 3208 791 3278; baseline -0.013 -10"><span class='ocrx_word' id='word_1_131' title='bbox 332 3213 509 3268; x_wconf 85' lang='lat' dir='ltr'>Demuluens</span> <span class='ocrx_word' id='word_1_132' title='bbox 522 3228 570 3265; x_wconf 83' lang='lat' dir='ltr'>me</span> <span class='ocrx_word' id='word_1_133' title='bbox 583 3209 655 3263; x_wconf 77' lang='lat' dir='ltr'>(lum</span> <span class='ocrx_word' id='word_1_134' title='bbox 669 3208 791 3278; x_wconf 74' lang='lat' dir='ltr'>quievi?</span> 
     </span>
    </p>

    <p class='ocr_par' dir='ltr' id='par_1_15' title="bbox 525 3280 707 3334">
     <span class='ocr_line' id='line_1_39' title="bbox 525 3280 707 3334; baseline -0.027 0"><span class='ocrx_word' id='word_1_135' title='bbox 525 3280 592 3334; x_wconf 87' lang='lat' dir='ltr'>Meu</span> <span class='ocrx_word' id='word_1_136' title='bbox 605 3286 707 3333; x_wconf 72' lang='lat' dir='ltr'>mater.</span> 
     </span>
    </p>
   </div>
   <div class='ocr_carea' id='block_1_8' title="bbox 0 0 1215 3734">
    <p class='ocr_par' dir='ltr' id='par_1_16' title="bbox 0 0 1215 3734">
     <span class='ocr_line' id='line_1_40' title="bbox 0 0 1215 3734; baseline 0 0"><span class='ocrx_word' id='word_1_137' title='bbox 0 0 1215 3734; x_wconf 95' lang='lat' dir='ltr'> </span> 
     </span>
    </p>
   </div>
  </div>
 </body>
</html>
