2320 3722
545 313 581 370 75

294 465 351 520 Fac
363 468 431 520 tuos
442 479 592 534 prosperos
603 481 609 529 ;

292 536 329 589 Et
341 534 465 605 Spiritus
477 550 564 603 super
577 550 629 590 nos

327 604 513 661 Descenditc.

242 810 259 862 4
292 796 595 863 OVeniCcnsolator‚

292 866 383 921 Nobis
396 885 425 922 es
437 868 577 934 Testatur,

331 938 366 990 In
380 936 531 991 horishis:

291 1007 348 1076 Qui
361 1025 391 1062 es
403 1007 596 1131 omnipotens,

292 1079 352 1133 Nos
365 1094 467 1133 omnes
500 1077 614 1147 irigens,

291 1149 330 1202 Et
343 1165 496 1216 nunquam
511 1147 653 1216 deserens

328 1219 403 1274 Cum
417 1217 500 1274 nobis
515 1217 561 1273 sis.

245 1417 258 1473 5
293 1406 317 1460 0
328 1405 413 1458 Unus
425 1409 513 1472 atque
526 1405 605 1465 Tres,

293 1473 471 1529 Laudandus
483 1491 598 1544 semper
610 1491 648 1542 es,

330 1544 377 1599 Ab
391 1544 544 1598 omnibus:

293 1617 317 1671 Ο
330 1618 409 1670 Deus
428 1613 562 1680 Domine,

293 1687 354 1740 Fac
367 1683 518 1739 videamus
535 1694 580 1752 te;

329 1757 367 1809 Et
380 1753 590 1825 potentissime,

293 1828 333 1882 Te
348 1824 492 1881 canimus.

148 1960 213 2049 37.

381 2084 427 2134 Ad
443 2086 554 2134 amicum
571 2093 705 2137 mortuum.

178 2234 188 2272 1
225 2221 270 2277 Ad
284 2220 474 2290 sepulchrum
487 2219 572 2286 ivisti,
585 2221 703 2278 sednon
717 2238 913 2290 maereumuS,

225 2290 307 2346 Licet
321 2297 449 2346 moestus
462 2298 491 2346 et
504 2292 641 2347 tenebrae
654 2293 770 2347 tumulo
782 2291 840 2345 sint
854 2313 859 2346 :

224 2360 286 2416 Has
299 2367 397 2430 portas
409 2361 541 2416 Salvator
553 2361 674 2416 intravit
687 2379 851 2430 noscamus,

225 2432 263 2485 Et
278 2431 429 2501 lampades
441 2430 549 2487 amoris
561 2431 609 2487 hic
622 2431 760 2488 luxerint.

177 2637 191 2675 2
226 2623 271 2678 Ad
285 2623 472 2692 sepulchrum
487 2622 575 2690 ivisti,
588 2631 689 2680 nonde
699 2624 861 2692 videamus,

225 2695 251 2747 N
255 2711 288 2749 ec
300 2701 399 2748 tecum
413 2692 577 2749 incedimus
593 2693 727 2760 consocii,

226 2765 267 2818 At
279 2770 309 2819 te
321 2781 401 2819 nunc
414 2763 444 2816 in
456 2763 583 2819 brachiis
595 2765 663 2820 Jesu
675 2772 847 2820 teneamus:

225 2835 312 2903 Num,
325 2842 442 2890 mortuo
454 2834 532 2902 Jesu‚
544 2843 661 2905 sperent
674 2834 808 2905 improbi.

178 3041 192 3094 3
226 3025 273 3080 Ad
285 3025 472 3096 sepulchrum
486 3024 572 3093 ivisti,
585 3032 614 3080 et
626 3025 749 3080 domum
762 3023 937 3093 relinquens,

226 3097 297 3151 Fors
309 3105 378 3150 tuus
389 3095 507 3166 spiritus
519 3102 693 3150 cunctanter
711 3095 808 3149 stabat
820 3115 826 3149 :

227 3167 282 3221 Sed
295 3167 396 3220 lumen
409 3167 533 3221 coeleste
547 3165 641 3218 vidisti
660 3181 828 3232 expergens

227 3237 266 3290 Et
279 3242 384 3292 cantus
397 3234 568 3292 coelestium
583 3240 612 3287 te
624 3234 741 3286 salutat.
