2346 3734
576 307 614 366 87

239 473 259 524 4
291 459 391 526 Quum
406 456 586 521 vitefiniiet,
653 521 656 526 ‚

290 528 328 582 Et
342 545 421 582 mors
434 528 577 596 adveniet,

327 600 405 654 Cum
417 601 553 665 t01·bone;

292 669 425 724 Salvator
437 687 511 728 care.
523 677 596 734 tum,

291 740 352 794 Fac
365 757 414 794 me
426 739 617 820 impavidum,

292 811 350 865 Fer
362 809 574 877 beatissimum,

326 879 527 950 Redemptum
540 899 597 937 ine.

162 965 245 1068 45.

206 1200 218 1239 ι
256 1185 364 1242 Venite
377 1185 515 1254 languidi,
529 1185 697 1256 ubieunque
710 1186 824 1252 flentes,

292 1255 340 1310 Ad
353 1256 494 1310 thronum
506 1257 618 1326 gratiae
630 1256 832 1326 procumbite:

257 1327 328 1381 Huc
342 1327 415 1381 ferte
428 1327 566 1395 querelae,
584 1344 686 1382 omnes
705 1333 878 1396 moerentes,

292 1395 363 1465 Quit
376 1413 496 1452 onmem
509 1397 623 1452 luctum
637 1399 715 1452 Deus
734 1396 841 1466 pellere

365 1068 412 1118 Ad
423 1069 540 1120 thronum
549 1072 648 1133 oratioe
662 1068 787 1120 Invitatio.

205 1567 222 1608 2
257 1553 387 1609 Desoleti
399 1553 556 1620 Gaudium,
570 1556 693 1624 Luxque
705 1553 837 1622 errantis,

292 1625 370 1677 Pura
382 1625 517 1693 perennis
529 1623 705 1694 poenitentis
718 1627 787 1705 Spes
798 1643 805 1692 ;

255 1693 317 1749 Hie
330 1693 498 1750 consolator
512 1695 640 1764 loquitur
651 1694 800 1764 permitis:

291 1766 372 1820 Deus
385 1763 448 1834 quit
457 1782 563 1820 *curare
573 1783 674 1821 omnes
684 1783 839 1821 maerores

206 1936 222 1990 3
257 1919 318 1974 Hie
329 1937 438 1990 panem
449 1919 534 1987 vitae,
547 1938 637 1990 aquas
647 1913 773 1976 fluentes

292 1991 317 2044 E
330 1991 436 2046 throno
449 1990 512 2055 Dei,
525 2008 575 2046 vos
586 1991 696 2047 videte:

256 2061 366 2116 Adeste
378 2059 447 2134 dupi
470 2077 520 2116 vos
537 2067 755 2129 cognoscentes,

292 2132 402 2187 Omnes
419 2149 563 2188 moerores
576 2134 673 2188 Deum
686 2132 801 2202 pellere.

169 2251 242 2356 tu

278 2486 289 2524 1
327 2471 405 2540 Jesu,
418 2472 549 2530 Salvator
561 2470 612 2540 mi,

361 2543 386 2597 0
400 2542 534 2608 Domine,

324 2611 371 2665 Tu
383 2613 437 2682 qui
450 2631 499 2668 me
512 2611 617 2680 emisti,

362 2685 438 2739 Cum
448 2683 607 2752 sanguine,

327 2754 459 2809 Attolam
473 2772 522 2809 cor
540 2753 577 2807 ad
590 2762 628 2822 te,

326 2823 366 2878 Ut
379 2832 411 2879 tu
424 2831 564 2880 tractares
576 2842 633 2893 me,

325 2893 391 2950 Tibi
402 2895 518 2961 adhere,

362 2966 483 3036 Propius
494 2983 512 3019 a
524 2973 562 3021 te.

456 2371 498 2421 Mt
509 2373 587 2432 Deua,
599 2389 680 2438 prope
694 2373 730 2422 Te

273 3119 291 3159 2
326 3107 407 3161 Dum
419 3123 472 3178 per
483 3105 536 3160 has
548 3105 683 3174 salebras,

361 3176 501 3230 Eundum
513 3176 566 3242 sit;

326 3246 371 3300 Tu
385 3245 457 3299 mihi
471 3245 627 3310 ministras,

361 3314 580 3383 Quodsuffioit5
