2346 3734
561 299 616 355 165

236 464 251 516 3
288 450 370 517 Quae
382 447 439 502 fuit
451 452 548 504 custos
560 447 673 529 capitis,

285 519 419 574 (lubente
437 536 485 574 me
498 517 649 584 cunabilis,

284 588 463 644 Amantibus
476 606 545 644 cum
558 586 706 644 lacrimis?

478 660 546 715 Mea
559 664 661 714 maler.

233 792 250 844 4
286 777 467 834 Maeroribus
480 795 573 848 quum
585 775 726 844 fleverim,

286 850 367 917 Quae
380 847 480 904 videns
492 847 694 904 decrecenlem
705 847 775 914 vim,

288 917 414 974 Deflevit
427 916 497 987 quia
509 923 643 974 mortuus
654 916 709 972 sim
719 920 731 972 l

480 988 547 1044 Mea
559 993 664 1043 mater.

235 1122 247 1178 ς
283 1111 365 1178 Quae
377 1109 507 1165 cucurrit
520 1126 613 1180 quum
626 1107 727 1176 cecidi,

285 1182 360 1235 Cum
373 1179 478 1234 fabulis
497 1197 545 1235 me
558 1178 692 1246 blandiri,

285 1249 486 1318 Remedioque
498 1250 608 1306 osculi?

480 1323 548 1376 Mea
560 1325 663 1376 mater.

233 1441 250 1492 ⁶
285 1440 641 1590 llszlssllll'lllalss:

286 1582 324 1634 El
336 1581 437 1636 lesum
449 1598 531 1650 sequi
543 1582 681 1636 strenue?

480 1652 548 1706 Mea
560 1656 662 1706 mater.

234 1785 248 1836 7
286 1770 325 1824 El
337 1769 444 1841 possim
457 1776 487 1825 te
502 1770 657 1838 deserrere,

286 1841 327 1894 Ut
339 1858 438 1896 amem
450 1858 518 1906 nou,
532 1858 590 1896 non
603 1857 715 1896 servem
728 1844 767 1906 tc,

287 1910 475 1966 Potissimum
488 1924 639 1966 amantem
652 1912 721 1966 me?

479 1983 548 2037 Mea
560 1989 663 2037 mater.

235 2097 251 2150 8
287 2099 397 2154 Onon!
417 2098 590 2154 abhorream
604 2098 695 2154 talem
707 2115 779 2164 rem,

286 2170 334 2236 Et,
346 2186 417 2240 pace
430 2169 493 2236 Dei,
506 2170 602 2224 salvus
614 2175 699 2235 stem,

287 2238 408 2295 Confido
417 2243 447 2293 tc
459 2245 493 2292 ut
506 2256 703 2308 compensem,

481 2310 548 2364 Mea
561 2316 664 2364 mater.
770 2313 774 2324 ’

235 2449 252 2500 9
287 2431 386 2499 Quum
399 2447 488 2487 senex
500 2429 564 2498 eris,
577 2429 686 2498 debilis,

286 2501 451 2557 Sustineam
467 2507 496 2557 te
508 2501 585 2556 ulnis
597 2499 651 2568 his,

290 2570 451 2640 Verbisque
464 2571 537 2627 actis
549 2570 683 2638 strenuis,

481 2644 549 2697 Mea
561 2648 665 2697 mater.
729 2705 731 2710 ¹

221 2778 252 2815 ro
287 2763 325 2816 Et
338 2779 431 2843 quum
444 2769 563 2833 aegrota
570 2762 688 2833 jacebis,

287 2832 422 2902 vigilabo
433 2851 502 2889 cum
516 2833 639 2900 auxiliis,

287 2903 525 2974 Amantibusque
538 2903 676 2965 lacrimis,

481 2976 549 3030 Mea
562 2981 665 3030 mater.

221 3109 247 3146 11
286 3094 365 3149 Nam
378 3093 506 3150 Domino
518 3093 659 3149 altissimo

288 3163 457 3234 Displicitus
469 3163 589 3224 affuero·

287 3233 317 3288 Si
330 3250 464 3302 unquam
476 3240 506 3289 te
519 3233 649 3304 dispici0‚

482 3304 547 3359 Mea
562 3309 666 3358 mater.
