2320 3722
542 267 578 322 29

256 461 342 524 Veni,
356 464 433 516 Fons
446 461 551 516 favoris
560 460 664 524 omnis,

294 535 353 586 Fac
367 539 399 586 nt
411 532 497 587 corde
510 549 615 586 cunam
629 533 668 586 Te
681 551 687 585 ι

256 602 500 657 Benedieiiunnm
515 602 634 666 flumen,

299 673 339 730 Ad
354 672 533 726 laudandum
550 679 633 726 vocat
646 689 704 726 me.

257 814 337 867 Doce
351 811 498 881 quoddam
511 811 596 867 dulce
610 829 740 878 carmen,

291 882 375 950 Quod
388 883 525 937 coelestes
538 881 697 936 concinunt
709 901 715 946 ;

255 954 347 1022 Super
360 959 492 1008 muntem
506 952 612 1006 Laudis
630 961 749 1020 starem,

291 1022 354 1091 Qud
366 1030 486 1078 aeterna
498 1022 574 1078 buna
586 1029 664 1077 sunt.

255 1163 314 1218 Hie
327 1163 405 1218 erexi
419 1163 582 1229 Ebenezer3

290 1233 365 1288 Veni
379 1234 444 1297 brie,
454 1232 576 1302 juvante
589 1238 635 1287 ie:

254 1307 354 1373 Atque
366 1322 457 1373 spero,
471 1311 500 1358 tc
514 1303 640 1366 favente,

289 1374 408 1429 Salvum
421 1373 543 1428 domum
555 1373 597 1427 ire
611 1389 666 1428 me.

98 1535 101 1539 ·
185 1572 189 1577 ,
255 1514 395 1569 Alienum
415 1512 590 1583 quaesivisti.

291 1586 392 1640 Procul
406 1603 452 1639 me
465 1585 502 1637 ab
516 1583 604 1649 ovile;

254 1654 302 1709 Me
315 1655 464 1723 ingratum
477 1652 619 1709 redimisti

290 1726 353 1780 Tuo
364 1743 447 1780 sucro
459 1742 584 1793 corpore.

254 1865 321 1920 Mea
334 1865 441 1930 debita,
454 1882 544 1934 quam
564 1865 676 1918 muita!

290 1936 468 2004 Debitorque
480 1953 595 2004 semper
607 1952 689 1990 snm:

252 2006 315 2059 Tira
327 2005 447 2075 gratiae,
461 2014 573 2072 eatena,

288 2077 372 2145 liget
385 2093 433 2131 me
445 2075 612 2131 erraticum.

252 2215 398 2271 Aberrare
410 2233 474 2268 sum
488 2233 664 2284 propensns3

289 2289 386 2340 Deum
401 2303 500 2340 meum
516 2286 664 2355 linquere!

249 2356 327 2411 Ecce
340 2359 416 2421 ‘cun'
435 2357 551 2425 Oeape,
565 2356 655 2425 signa,

286 2429 407 2496 Semper
420 2433 507 2480 tuum
522 2445 582 2482 esse
595 2445 650 2482 me.

333 2615 450 2664 Medicas
466 2617 575 2677 optimus
593 2621 627 2664 est
645 2615 767 2666 olerum.

169 2714 179 2751 1
216 2702 315 2768 Quum
329 2715 382 2768 ego
395 2698 437 2751 fni
450 2697 587 2767 perditus,

256 2769 384 2824 Saivavit
396 2769 481 2823 Jesrrs
494 2787 542 2823 rue
558 2788 563 2822 :

216 2841 269 2894 Est
281 2840 375 2894 sulum
391 2856 466 2892 unus
480 2839 610 2894 medicus

252 2911 405 2965 Morbusae
418 2909 543 2963 animae.

167 3064 182 3102 2
217 3049 263 3104 Ad
277 3056 392 3120 portam
406 3049 507 3103 mortis
516 3048 612 3117 jactus
624 3068 700 3118 sum,

251 3121 371 3175 Sanuvit
383 3119 462 3190 illine
476 3137 523 3173 me
534 3138 540 3184 ;

216 3191 243 3244 N
246 3208 304 3244 unc
318 3189 473 3242 nunciatur
486 3191 580 3241 factus
592 3205 668 3253 sum,

254 3259 386 3314 Patentis
397 3255 518 3326 gratiae.
