2346 3734
536 277 573 332 95

240 442 253 498 5
286 430 348 484 Neo
360 444 456 493 sonus
469 443 524 481 neo
542 424 659 492 locutio,

287 499 329 553 Sit
341 517 394 553 suo
418 497 449 550 in
462 495 599 562 circuit0;

286 569 341 624 Sed
355 569 438 624 orbes
451 566 481 620 hi
494 565 606 621 luciferi

289 637 566 694 Circumvolvuntur
578 633 682 691 insoni.

241 779 257 831 6
289 777 479 860 Splendentes
492 782 522 830 at
534 775 709 845 significant,

284 852 330 906 Su·
344 847 413 903 laeti
424 864 539 916 semper
557 847 693 902 insonant

285 919 333 973 Ad
346 935 430 972 aures
442 916 698 986 prudentissimos:

287 988 421 1044 “Divina
433 1004 539 1040 manus
551 986 620 1041 fecit
639 1004 699 1042 nos.
713 988 729 1013 ’⁹

132 1075 202 1177 49.

169 1322 180 1360 1
215 1309 281 1364 Non
295 1324 411 1376 nequeo
422 1312 452 1361 te
464 1304 621 1371 dimittere,

215 1381 280 1433 Non
294 1378 388 1432 donec
399 1383 432 1430 tu
447 1376 545 1430 beares
558 1393 623 1442 me;

212 1450 256 1504 Ne
272 1454 352 1502 verte
366 1451 449 1500 tuam
459 1445 574 1512 saniem,

214 1519 292 1572 Nam
306 1518 387 1572 dolor
400 1523 591 1585 urgetmeam
604 1533 676 1571 rem.

382 1208 483 1259 Nomen
494 1207 547 1256 ruiti
557 1207 668 1258 ,lasona
679 1213 721 1258 est.

167 1672 181 1710 2
214 1657 285 1726 Quis
298 1675 352 1726 ego
363 1656 428 1722 sim,
442 1655 637 1726 quaesiveris?

214 1729 277 1795 Ah;
299 1726 434 1792 Domine,
448 1743 547 1781 meum
561 1744 670 1781 nomen
680 1725 735 1780 sois
743 1744 750 1794 ς

214 1799 298 1853 Haeo
312 1797 425 1866 questio
438 1804 538 1852 autern
548 1797 692 1866 juvatura

215 1869 241 1922 N
244 1885 303 1922 unc
317 1885 415 1924 meam
428 1883 550 1922 causum
565 1883 675 1935 urgere.

163 2023 178 2076 3
211 2007 316 2064 Vidisti
329 2006 399 2061 otim
412 2005 561 2074 miserum,

212 2080 398 2146 Crrecrrmque
413 2077 643 2142 rebeliissimum,

214 2151 408 2217 Spumantem
420 2155 505 2201 tuam
514 2147 639 2216 gratiam
651 2166 658 2215 ;

213 2219 273 2271 Ah!
295 2217 430 2283 Domine,
443 2217 497 2273 iste
510 2221 633 2272 fueram.

163 2373 181 2425 4
215 2358 355 2428 Abjeotus
369 2356 516 2427 quondam
530 2357 689 2428 improbus,

212 2430 252 2483 Te
265 2427 417 2498 imploravi
430 2428 567 2498 pavidus:

214 2497 378 2554 Clementia
390 2497 469 2552 venit
482 2506 547 2553 tum
558 2497 594 2552 ad
608 2515 664 2565 me,

212 2569 251 2623 Et
263 2586 312 2624 me
324 2568 450 2635 salvasti,
464 2569 598 2624 Domine.

163 2721 177 2776 5
213 2709 300 2768 Nunc
314 2707 400 2762 multi
413 2707 483 2762 anni
496 2708 568 2778 lapsi
580 2714 657 2777 sunt,

213 2780 269 2845 Qui
283 2779 391 2833 multos
403 2795 486 2833 casus
498 2779 630 2835 fecerunt
641 2798 648 2847 ;

215 2855 256 2902 At
268 2867 322 2918 ego
335 2858 435 2903 tamen
448 2850 544 2903 salvus
559 2857 612 2917 st0,

213 2919 249 2972 In
262 2927 314 2974 tuo
327 2919 477 2986 benefici0,

157 3073 176 3124 4
212 3057 319 3128 Egenti
331 3076 446 3128 semper
457 3059 590 3115 sublevas
600 3080 607 3129 ;

213 3129 322 3183 Incitat
336 3147 383 3184 me
397 3129 469 3184 haec
486 3130 609 3198 bonitas,

211 3200 277 3254 Post
291 3207 388 3254 tantos
397 3206 462 3254 tuos
475 3201 595 3267 favores,

214 3269 254 3324 Ut
266 3286 384 3338 peream
400 3285 447 3324 me
455 3269 585 3326 sineres?
