2346 3734
561 281 615 338 121

266 447 288 499 4
322 431 407 488 Beati
418 431 452 486 hi
465 431 516 502 qui
528 430 677 496 habitant,

322 502 357 558 In
370 503 555 573 templana,
568 507 599 557 al
611 501 663 572 qui
673 507 763 570 alant,

322 574 363 630 Te
374 573 476 640 visere,
489 589 663 642 cognoscere
673 591 679 640 ;

322 645 470 700 Cananles
482 649 512 700 le
524 641 647 700 assidue,

268 781 284 840 5
320 769 406 826 Beati
417 768 450 823 hi
463 768 515 840 qui
527 767 696 840 quaen'tant

321 838 369 895 Ad
380 839 499 896 Sionem
512 847 547 894 ut
559 839 696 907 venianl3

320 911 374 966 Est
386 909 475 966 robur
486 925 575 966 suum
588 908 741 978 Dominus,

322 981 359 1036 In
371 980 428 1049 via,
440 997 557 1052 semper
569 979 691 1037 validus.

268 1102 287 1156 6
321 1100 469 1158 Alacriter
480 1100 512 1155 hi
524 1099 687 1170 ambulent,

320 1172 358 1227 In
369 1171 458 1228 coelis
470 1170 530 1227 cilo
542 1176 720 1242 congregent
731 1190 737 1234 ;

320 1243 360 1298 El
372 1259 475 1299 omnes
487 1241 547 1298 illie
558 1242 753 1312 plaudebant,

321 1314 462 1371 cantores
475 1315 533 1382 qud
545 1313 683 1369 coelestes
694 1319 772 1369 sunl.

70 1451 73 1456 .
159 1385 237 1470 66.

456 1483 551 1536 ouran
562 1483 722 1538 hauan.

236 1583 247 1622 1
286 1567 315 1624 Si
326 1566 454 1624 dixerim
486 1567 689 1630 melantiam,

287 1637 451 1696 cecinerim
457 1585 540 1720 fian?
552 1637 685 1708 gloriam,

339 1711 364 1766 0
376 1711 512 1777 Domine,
525 1726 556 1763 m
568 1710 626 1777 Te;

287 1778 430 1836 coelestes
442 1779 565 1836 chordas
577 1787 738 1850 tangerem,

287 1850 363 1906 Cum
374 1849 543 1920 angelisque
552 1855 730 1917 concertem,

338 1920 447 1977 Divino
459 1920 600 1978 carmine.

237 2060 252 2098 2
286 2046 444 2102 Caularem
456 2045 517 2116 ejus
528 2045 712 2116 sanguinem,

287 2118 350 2186 Qud
361 2117 415 2172 Ille
427 2116 499 2172 emit
511 2117 638 2172 salutem
680 2141 684 2150 ·

338 2187 384 2240 Ex
396 2185 560 2254 iracundia;

284 2256 487 2314 Plenissimam
496 2256 654 2327 justitiam,

286 2327 376 2383 Hane
389 2334 520 2384 nostram
533 2334 645 2384 vestem
658 2326 811 2398 fulgidam,

338 2399 375 2454 In
387 2397 449 2466 ejus
459 2397 559 2468 gloria.

235 2536 251 2588 3
285 2521 444 2577 Caularem
456 2536 524 2575 suaa
539 2518 661 2587 indoles,

287 2591 430 2647 Coeleslea
442 2607 509 2646 suos
527 2607 650 2657 amores,

340 2659 398 2730 Qui
410 2667 514 2731 regnat
527 2661 638 2730 ubique
651 2680 658 2728 ;

287 2731 444 2787 Alliasimia
466 2748 503 2786 ue
515 2731 658 2799 laudibus,

287 2801 398 2884 Diebus
409 2749 514 2858 vellem
526 2802 671 2873 omnibus,

338 2873 515 2943 'Pnumphoe
527 2891 641 2930 canere.

233 3009 251 3060 4
286 2993 415 3051 Oduleis
426 2995 488 3052 dies
501 2996 607 3064 veniel,

285 3066 385 3135 Quum
398 3066 542 3123 Dominus
555 3085 603 3124 me
615 3070 748 3123 arcesaet.

339 3135 446 3194 Videre
459 3137 583 3205 laeiem3

285 3205 362 3260 Tum
373 3209 465 3274 Soter,
479 3209 590 3274 Frater,
603 3206 736 3274 Amicus,

284 3276 322 3332 In
335 3277 422 3334 coelia
435 3294 495 3331 una
510 3276 659 3347 degemus,

339 3347 394 3404 Per
406 3364 527 3402 omnem
540 3352 679 3401 aetatem.
