2346 3734
540 324 596 382 147

246 475 266 530 6
297 475 329 532 Si
342 493 419 542 eam,
429 480 550 530 tanturn
562 489 699 544 peream3

338 547 459 602 Faciam
472 545 636 616 periculum
648 562 654 596 :

301 617 378 672 Nanr
392 625 472 672 certo
483 616 506 670 si
518 615 560 670 sic
573 629 722 680 maneam,

334 687 377 742 Sit
390 687 427 741 ad
440 685 603 742 interitum.

138 789 218 877 80.
270 823 273 830 ’

362 891 420 968 'Via
432 891 468 942 ad
479 893 558 941 vitam
571 896 593 940 et
604 889 641 939 ad
652 893 766 938 mortem.

252 1005 263 1044 1
302 989 348 1046 Ad
362 997 488 1046 mortem
502 989 549 1044 via
561 989 622 1043 lata
633 987 681 1053 sit,

335 1062 398 1130 Qua
411 1061 480 1116 mile
493 1059 597 1115 millies
609 1057 781 1124 ambulant;

298 1131 465 1200 Angustam
477 1130 593 1186 coelum
606 1126 729 1194 exhibit,

336 1200 508 1257 Pauoissimi
520 1199 681 1255 inveniant.

250 1356 266 1396 2
301 1341 449 1413 'seipsum
464 1347 496 1396 tu
510 1345 652 1404 coerceto,

336 1414 455 1468 Portare
467 1428 594 1467 crucem.
608 1411 691 1465 Jesus
703 1406 763 1475 dat,

301 1483 433 1538 Naturae
445 1499 551 1536 aurum
564 1487 708 1552 sperneto,

335 1553 392 1622 Qui
404 1551 569 1622 proemium
583 1550 669 1606 coelis
681 1555 790 1606 teneat.

253 1710 269 1764 3
303 1691 360 1762 Qui
373 1691 520 1762 fatigatus,
535 1689 665 1757 timidus,

338 1762 459 1819 Desinat
472 1765 568 1818 Deum
582 1761 684 1827 colere,

304 1837 469 1891 Dumtaxat
482 1849 575 1903 paene
587 1831 719 1899 servitus,

335 1905 374 1958 Et
385 1903 516 1973 perditus
528 1901 697 1958 certissime.

248 2059 267 2112 4
302 2047 348 2101 Da
360 2043 442 2107 mihi,
454 2043 474 2098 J
476 2060 535 2108 esu,
549 2042 665 2096 firmam
679 2059 771 2112 spem,

337 2117 383 2171 Da
395 2114 468 2168 mihi
481 2131 531 2170 cor
543 2113 751 2180 novissimum3

301 2186 368 2240 Non
380 2185 510 2240 habeant
523 2182 587 2238 falsi
606 2184 696 2238 talem
710 2200 782 2248 rem,

334 2256 399 2330 Nec
409 2271 542 2324 unquam
554 2259 663 2308 norunt
676 2252 851 2310 Dominum.

145 2343 218 2429 81.

216 2461 333 2526 Improba·
344 2462 443 2510 invitata·
455 2459 491 2510 ad
507 2460 706 2522 resipiscentiam
723 2455 927 2522 eaemporalem

252 2577 263 2616 1
302 2564 382 2617 Dum
395 2559 473 2616 vitae
485 2560 537 2614 lux
549 2557 712 2625 continuet,

335 2631 400 2688 Sint
413 2647 479 2700 pax,
495 2628 694 2684 misericordia
702 2647 709 2696 ;

301 2702 343 2757 At
355 2701 414 2758 cito
426 2717 485 2756 nox
503 2698 655 2755 adveniret
667 2717 674 2766 ;

336 2773 406 2842 Spes
418 2769 491 2827 coeli
502 2774 569 2825 tum
580 2769 618 2825 sit
630 2769 731 2827 oblita.

250 2927 266 2967 2
301 2911 413 2967 Invitat
425 2913 522 2966 Deus:
535 2910 633 2966 fausta
641 2909 717 2966 sint!

336 2984 432 3051 Quam
446 2981 531 3037 dulce
544 2980 747 3050 evangelium!

302 3053 393 3108 Proh!
409 3051 536 3122 improbi
554 3051 729 3119 audiverint,

337 3123 410 3177 Tam
423 3120 583 3192 gratiosum
598 3121 770 3178 Dominum,

250 3280 269 3335 3
303 3263 345 3318 At
355 3260 408 3316 alis
422 3265 520 3316 vectos
537 3264 715 3328 temporum,

339 3333 485 3402 Deposcet
496 3345 576 3386 mors
587 3328 625 3384 ad
637 3326 790 3383 tumulum
