2346 3734
541 306 598 364 155

213 455 232 511 6
266 456 333 512 Hoc
345 454 467 526 plenum
480 472 546 512 meo
559 473 678 524 amore;

265 526 430 596 Bibentque
442 542 544 582 omnes
557 526 660 649 utique
673 544 680 581 :

265 597 436 664 Fusumque
448 595 485 651 sit
497 596 528 650 in
540 612 608 651 secu
620 613 647 664 a,

266 666 385 736 Meique
396 665 428 720 in
440 665 589 722 memoria

97 895 102 903 ,
140 805 218 892 86.

241 939 325 991 Amor
336 941 538 1004 divinmfeatcm
547 941 615 1002 facit,
629 946 652 992 ct
663 943 779 992 convivae
791 941 889 994 invitat.

216 1091 227 1130 1
265 1076 411 1132 Terribilia
423 1082 453 1132 et
466 1076 559 1132 dulcis
571 1075 618 1146 sit,

300 1149 365 1216 Quo
376 1148 459 1203 Jeaus
471 1147 597 1203 ventitat

265 1220 412 1273 Aeternus
424 1235 507 1273 amor
520 1216 643 1286 exhibit,

301 1289 383 1356 Quae
396 1289 473 1345 bona
486 1287 625 1343 condidit.

215 1476 232 1514 2
268 1463 348 1517 Dum
361 1459 495 1516 cordibus
508 1466 537 1517 et
549 1459 672 1518 canticis

303 1531 470 1586 Laudemus
482 1531 596 1600 epulam

267 1601 435 1657 clamemus
445 1601 535 1670 gratis
547 1601 663 1670 animis,
710 1635 714 1642 ·

300 1671 368 1742 Cur,
380 1689 428 1727 me
440 1670 589 1742 excipias?

215 1859 231 1915 3
267 1842 324 1899 Cur
335 1843 379 1899 fui
390 1845 604 1914 factuaparere,

302 1916 417 1970 Intrare
430 1916 525 1970 factus
537 1918 612 1969 cur?

268 1987 347 2041 Dum
360 1985 489 2039 millibus
501 1984 559 2039 sint
572 1984 706 2049 miserae,

301 2054 359 2124 Qui
370 2062 495 2126 pereunt
502 2054 630 2126 jugiter?

213 2245 233 2298 4
266 2229 323 2299 Qui
335 2229 413 2286 idem
427 2247 510 2287 amor
527 2230 637 2286 festum
648 2229 709 2299 dat,

302 2303 417 2356 Intrare
429 2300 506 2370 cogit
518 2318 570 2356 nos
581 2319 587 2367 ;

267 2370 364 2427 Perire
376 2388 429 2426 nos
441 2389 499 2426 non
512 2370 629 2438 sineret,

302 2443 473 2508 Parfmctos,
487 2440 601 2512 impioa

216 2626 230 2685 5
266 2613 447 2681 Omiseram,
460 2613 595 2682 Domine,

302 2685 340 2738 Et
352 2684 486 2741 nationes
498 2687 557 2751 t'er;

266 2755 355 2810 Hanc
367 2754 491 2836 gratiam
503 2755 639 2836 recipere,

301 2827 431 2882 Veniant
444 2833 626 2896 queJugiter.
667 2885 669 2892 ,

214 3001 233 3057 6
266 3000 373 3059 Videre
385 3006 486 3057 coetus
498 3001 598 3072 plenos
609 3001 668 3071 hic,

303 3071 508 3128 Desideramus
520 3090 586 3139 nos3

266 3143 308 3198 Ut
322 3159 423 3198 omnes
435 3141 627 3212 hominesque
639 3142 691 3213 aia,

301 3213 344 3268 Tu
357 3211 447 3268 facias
459 3211 559 3269 socios.
