2320 3722
550 312 588 368 35

177 395 191 423 υ

135 389 212 475 13.
434 491 561 542 Cllaaaan
581 489 695 542 Coeleate„

176 608 191 648 ι
230 593 282 649 Fet
294 609 370 662 pura
382 591 453 647 felix
466 590 553 659 regie,

263 662 423 719 Coelicolae
436 679 494 730 qno
506 669 583 726 sunt,

228 734 360 788 Aeterna
372 732 434 788 diee
445 739 547 799 regnat
560 735 619 800 qud

261 804 412 860 Tenebrae
423 803 550 871 lugiunt

170 958 187 998 2
226 945 390 999 Aeternum
406 959 455 998 ver
467 942 516 998 hie
528 941 644 1008 rexerit,

261 1015 299 1068 Et
312 1013 396 1067 flores
408 1013 560 1068 florerent:

226 1086 269 1139 At
281 1101 360 1138 mere
372 1083 513 1152 exiguum
528 1085 637 1138 fretum
651 1081 689 1138 eit

173 1170 179 1176 ·
262 1155 301 1208 Et
314 1154 422 1209 fluctus
435 1161 589 1209 terrerent.

171 1313 189 1366 3
225 1296 301 1351 Sunt
313 1293 375 1364 egri
387 1302 471 1349 extra
483 1294 616 1362 flumina,

262 1366 413 1420 Florentes
437 1365 562 1434 ubique:

224 1437 264 1492 Ut
276 1437 293 1490 J
296 1434 377 1490 udeis
395 1437 562 1502 Chananea,

258 1507 400 1563 obstante
412 1507 547 1562 Jordane.

170 1663 190 1713 4
225 1647 364 1703 Mortales
376 1653 476 1701 autem
491 1645 606 1716 trepidi,

261 1720 327 1773 Hoc
341 1720 448 1772 fretum
463 1716 598 1784 timeant,

224 1789 271 1843 Ad
285 1788 442 1855 littoraque
455 1787 581 1851 tremuli,

258 1861 439 1914 Cunctantes
450 1857 607 1912 haesitant.

173 2012 187 2068 5
222 1999 403 2056 Osaciamus
416 1999 524 2067 lugere,

257 2072 321 2124 Hae
334 2087 435 2124 omnes
447 2086 575 2138 pavores,

222 2141 259 2194 Et
273 2140 423 2194 videamus
436 2139 600 2208 tranquille,

256 2212 320 2266 Hos
333 2211 409 2265 locos
423 2209 565 2276 sellem,-

168 2350 186 2403 6
219 2352 284 2420 Qud
296 2351 390 2406 Moses
410 2349 493 2405 stetit
506 2357 626 2418 stemus,
639 2357 705 2405 tum

256 2421 338 2476 Haec
351 2437 421 2475 arva
434 2420 566 2488 visimus;

220 2492 283 2546 Noe'
293 2492 427 2546 velumus
439 2491 662 2560 propemodum,

253 2562 289 2617 In
302 2561 398 2616 amnis
410 2561 556 2616 fluoribus.

41 2779 44 2786 .
133 2629 204 2731 M·
381 2731 458 2781 Hora
470 2732 551 2782 dalaia
559 2734 721 2795 precationis.

171 2829 182 2866 1
220 2814 354 2880 Ohorae,
366 2815 391 2870 Ο
402 2813 603 2869 dulcissimael

217 2884 242 2937 E
254 2884 331 2939 curie
346 2894 501 2940 avocantes
515 2903 578 2940 me:

216 2954 338 3010 Utente
352 2955 491 3010 thronum
507 2954 599 3009 Patris
611 2957 697 3023 stem,

218 3025 256 3079 Et
268 3024 365 3080 dicam
380 3041 455 3093 quae
467 3025 637 3080 desiderem.

218 3096 297 3149 Dum
312 3094 453 3152 tristiam
467 3094 617 3149 aerumnis
629 3094 694 3162 sim,

219 3165 374 3223 Inveniam
388 3165 490 3218 salutis
504 3165 572 3229 vim,

217 3235 256 3288 Et
269 3253 285 3289 e
299 3241 413 3287 tentore
426 3231 547 3299 fugiam,

218 3305 273 3358 Per
284 3303 390 3356 horam
399 3301 476 3353 hane
486 3297 694 3352 dulcissimam.
792 3298 801 3310 ‘
