2320 3722
550 247 587 303 55

301 390 340 444 Et
352 391 541 449 blandissime
552 395 711 463 dicentem,

261 457 282 486 “
295 459 355 516 Mei
367 481 436 519 oves
449 465 473 520 Ο
487 464 594 527 venite,

303 531 348 586 Ne
360 532 465 590 timete
477 551 532 590 nee
544 535 632 601 abite,

338 602 401 673 Ego
413 621 499 660 verus
507 612 606 675 paster
614 608 712 662 eum.”

205 753 230 806 4
268 739 319 796 Me
332 739 362 797 in
375 744 515 801 humeros
528 745 645 811 levavit,

304 812 354 868 Me
366 822 502 870 amanter
514 817 661 872 osculatus
671 836 679 883 3

268 881 339 938 Esse
351 884 458 940 soitem
472 902 520 940 me
533 886 694 954 mandavit,

305 953 381 1021 Quia
393 955 476 1010 valde
488 973 553 1010 eum
568 965 694 1026 amatus,

268 1023 313 1076 Ex
326 1023 425 1078 audivi
438 1033 467 1081 et
485 1025 643 1095 dicentem,

303 1095 361 1148 Sua
373 1094 418 1148 via
429 1113 470 1166 pr«
476 1097 646 1167 medentem,

269 1162 357 1219 “Mei
369 1181 444 1233 oves,
457 1184 475 1222 ο
487 1166 593 1232 venite,

304 1234 349 1290 Ne
362 1233 474 1302 timete,
488 1254 542 1292 nee
555 1237 643 1304 abite,

320 1305 384 1375 Ego
396 1323 480 1362 verua
491 1314 591 1378 pastor
600 1311 698 1364 sum.'’

214 1473 230 1531 5
267 1463 342 1518 Suus
355 1481 446 1531 amor,
459 1469 493 1519 ut
505 1465 650 1536 frigescat,

303 1533 401 1602 Quum
415 1534 471 1589 eim
484 1543 579 1602 notus,
592 1535 636 1591 fui
646 1544 745 1606 ratus;

268 1601 380 1660 Verum
393 1605 524 1662 maxime
536 1607 687 1665 fervescat.

302 1675 391 1744 Cujus
402 1675 470 1746 igne
481 1694 549 1730 sum
561 1677 751 1746 flammatum

267 1743 306 1800 Et
318 1745 438 1802 dilectat
451 1765 499 1802 me
512 1746 622 1814 audire,

286 1817 481 1886 Repetentem
494 1833 564 1873 eum
577 1816 628 1886 ire,

266 1885 354 1943 “Mei
369 1905 444 1949 oves.
463 1889 487 1944 Ο
500 1887 605 1953 venite,

307 1959 351 2013 Ne
365 1956 477 2024 timete,
490 1975 545 2014 nee
557 1958 644 2025 abite,

336 2029 398 2098 Ege
411 2045 495 2082 verus
507 2033 606 2098 pastor
616 2032 713 2084 sum.''

214 2187 235 2240 6
268 2189 385 2243 Fratres
397 2184 466 2250 cari,
479 2184 630 2254 iaciemuS,

302 2256 386 2327 Quod
397 2255 436 2310 eit
449 2255 553 2311 meiius
565 2263 595 2312 et
602 2257 769 2327 jucundum
780 2276 787 2325 ;

257 2329 326 2384 ¹Noe
339 2332 373 2381 ut
385 2325 434 2381 aiii
444 2343 501 2382 non
516 2344 658 2391 geremus,

285 2400 378 2453 Hunc
390 2396 465 2450 dum
478 2395 646 2454 habitemus
659 2397 822 2466 mandum;

267 2467 383 2526 Christo
394 2467 463 2522 Jeeu
477 2467 667 2534 confidemue

302 2541 341 2594 Et
352 2537 500 2593 dicentem
513 2537 675 2606 audiemus,

267 2609 283 2635 “
295 2607 355 2665 Mei
367 2625 443 2672 oves,
456 2625 474 2662 0
486 2607 592 2672 venite,

303 2681 365 2736 Nee
377 2677 489 2743 timete,
502 2695 557 2734 nee
570 2677 657 2746 abite,

336 2750 399 2819 Ego
411 2765 495 2804 verus
507 2755 606 2819 pastor
616 2752 711 2805 sum.''

151 3048 162 3088 ι
196 3037 283 3096 Nune
296 3034 465 3092 exeundum
478 3040 521 3090 eet
533 3035 608 3090 mihi
619 3035 656 3091 de
669 3035 738 3102 vita,

196 3108 264 3165 Vox
271 3107 378 3177 jubens
390 3123 438 3160 me
450 3105 492 3160 ire
510 3106 615 3161 edomo
627 3105 743 3172 audita3

196 3178 292 3233 Nune.
313 3177 338 3231 Ο
351 3174 392 3228 mi
407 3177 494 3239 Deus,
506 3174 627 3228 tristitia
639 3175 755 3237 abest0;

195 3247 234 3301 Et
246 3244 322 3300 mihi
333 3242 510 3299 moribundo
521 3241 719 3308 tranquillitas
731 3239 841 3292 adesto.

447 2935 525 2986 Hora
535 2939 585 2986 mei
596 2937 685 2987 abitua.
