2320 3722
546 283 582 338 13

405 487 409 495 ⁸
447 513 560 564 Aeterua
581 514 676 577 Rupes.

195 628 204 665 1
244 615 374 668 Aeternu
388 615 496 682 Rupes,
510 630 602 683 quum
618 613 648 666 in
661 612 700 667 Te

279 684 428 739 Sistuutur
441 684 527 753 pedes
548 683 614 750 mei,

244 755 296 808 Fst
310 754 380 808 mihi
395 754 509 808 nimbos
522 771 639 808 cernere

278 823 470 893 Tranquillus,
485 841 555 894 puee
572 823 632 879 Dei.

243 897 340 963 Quum
355 893 453 949 furiosi
467 894 606 948 turboues

281 964 425 1019 Hurrendr
439 964 550 1019 circum
566 965 708 1026 fremunt,

244 1035 413 1102 Perfugium
427 1035 499 1088 mihi
514 1036 632 1087 iirmum
647 1052 685 1098 es,

278 1105 427 1159 Tur·b0nes
440 1122 497 1160 non
512 1122 559 1158 me
573 1103 701 1159 laedunt.

243 1175 272 1230 Si
285 1182 364 1230 totus
378 1174 505 1228 mundus
516 1173 666 1238 scinditur,

243 1247 328 1301 Haec
340 1245 439 1314 Rupes
451 1261 605 1313 nunquam
625 1242 754 1298 finditur.

193 1401 208 1439 2
243 1387 278 1440 In
291 1386 331 1440 Te
344 1403 391 1439 me
404 1402 473 1440 amo
484 1383 599 1448 abdere,

278 1455 416 1511 Tenebris
428 1472 520 1525 quum
534 1455 670 1522 obrutus;

245 1527 279 1580 In
293 1527 366 1588 luce.
379 1541 460 1595 pace,
475 1526 578 1592 vivere,
633 1541 635 1547 ·

279 1597 317 1649 Et
329 1595 414 1650 otiuri
428 1602 517 1650 tutus.

243 1668 365 1722 Munere
376 1664 435 1720 iilic
452 1665 573 1734 gaudeo,

280 1739 305 1791 A
318 1737 358 1791 Te
376 1735 631 1804 eireunuirmutus,

243 1807 281 1861 Et
293 1806 476 1876 triumphare
495 1805 596 1872 audere,

277 1878 311 1930 Iu
326 1877 439 1931 eoelum
453 1884 487 1930 ut
499 1876 601 1931 elutus.

242 1947 399 2000 Tumultus
411 1946 513 2001 urbem
527 1948 670 2002 terreant!

241 2019 266 2074 Ο
279 2018 386 2086 Rupes,
397 2018 438 2072 Te
451 2034 509 2071 non
522 2017 652 2086 agitant!

192 2173 208 2226 3
243 2158 284 2212 Te
296 2155 366 2220 oiim
380 2156 446 2210 fisse
458 2156 576 2211 fluitant

276 2227 409 2283 Viventis
421 2244 514 2296 equus
527 2231 638 2294 t'ontes;

240 2299 315 2354 Sunt
328 2297 378 2366 qui
392 2298 445 2352 has
457 2314 548 2366 eques
563 2298 698 2364 bibitunt,

278 2369 389 2423 Felices
401 2377 431 2422 et
445 2367 581 2423 insontes.

245 2439 310 2492 Hes
321 2455 409 2508 purus
420 2455 512 2507 eques
521 2438 621 2504 bibito,

277 2510 314 2562 Et
327 2525 479 2577 uunquam
493 2526 573 2564 nune
586 2527 652 2564 sum
670 2510 760 2566 fessus

241 2580 266 2633 E
279 2579 359 2634 febre
371 2595 461 2647 quum
482 2587 629 2648 perpetim,

275 2649 347 2703 Tem
361 2649 412 2702 diu
424 2666 488 2703 sum
503 2667 661 2719 perpessus.

240 2719 350 2774 Omira
363 2721 453 2774 Fons!
473 2717 631 2775 infundens
643 2722 689 2776 es!

239 2789 380 2845 Viventes
392 2806 483 2859 aquas
502 2794 658 2859 perennes!

187 2943 205 2996 4
241 2931 339 2998 Quum
353 2929 531 2986 dormientes
543 2931 688 2999 surgerint

278 3000 324 3054 Ad
336 3000 434 3055 dirum
447 3002 536 3056 tubae
547 3018 663 3057 sonum.

240 3070 278 3124 Et
290 3069 394 3125 flentes
408 3072 449 3126 vei
465 3071 617 3126 laudantes
632 3072 700 3139 siut,

275 3140 388 3196 iudicis
400 3140 478 3195 circu
494 3141 678 3204 thronum,-

240 3212 276 3266 In
290 3210 418 3264 flammis
429 3211 587 3273 involutus,
601 3220 672 3263 tunc

275 3280 333 3336 Hie
352 3280 481 3335 mundus
493 3288 692 3344 consumetur,
