2320 3722
519 250 618 340 'rr

202 447 223 498 4
260 432 306 500 Ad
317 433 504 503 sepulchrum
517 431 602 498 ivisti,
617 432 736 488 sednon
750 449 944 501 moereamus,

259 504 312 557 Fst
326 506 403 558 Deus
416 503 602 572 Redemptor,
616 505 739 558 (iurator
751 508 780 557 et
798 505 883 558 Dux:

259 574 299 627 Te
312 572 399 628 dedit.
413 582 443 629 te
456 573 541 642 oepit,
555 581 585 628 te
598 591 695 627 rursus
707 573 878 641 habeamus,

201 707 204 712 Ι
258 643 335 697 Nam
349 643 451 700 mortis
463 643 599 699 oculeum
611 642 756 712 confregit
769 645 856 704 Crux.

167 780 245 866 33.

391 885 431 934 De
442 891 520 934 morte
532 887 673 934 amicorum
681 885 794 946 piorum.

209 1032 219 1070 1
258 1020 317 1076 Cur
328 1019 532 1089 plangeremus
544 1019 656 1077 amicis.

293 1091 463 1145 Trementes
476 1089 577 1146 mortis
591 1088 720 1146 bellicis?

258 1159 302 1216 Sit
316 1177 370 1215 vox
383 1159 481 1214 divina
494 1178 600 1215 vocans
613 1179 672 1224 nos,

292 1232 307 1260 “
318 1230 423 1286 Venite
435 1229 508 1286 meis
520 1229 597 1285 ulnis
610 1233 686 1286 vos.'’

206 1418 222 1456 2
259 1404 518 1460 Ascendimusuos
537 1404 632 1471 altius,

173 1539 176 1543 ι
293 1475 331 1528 Et
343 1475 385 1530 irc
397 1475 509 1529 tardius
521 1475 685 1543 nollumus;

258 1545 299 1598 At
311 1544 398 1600 citius
411 1544 506 1614 potius
518 1562 642 1612 currere,

291 1615 339 1669 Ad
356 1615 478 1671 domum
492 1622 625 1672 nostrum
638 1615 778 1690 maxime,

204 1803 221 1856 3
256 1788 314 1844 Cur
326 1787 528 1844 tremisccmus
540 1796 690 1858 portantes

291 1857 338 1913 Ad
352 1859 500 1912 tumulum
514 1859 686 1914 exairimes'?

256 1927 316 1982 Hic
328 1945 432 1998 corpus
443 1929 514 1984 lesu
527 1929 665 1999 positum.

290 1997 424 2062 Adornat
436 2016 556 2054 omnem
569 2000 728 2056 tumulum.

203 2185 222 2237 4
255 2172 360 2229 Bearit
370 2173 458 2230 lectos
470 2174 614 2234 omnium.

290 2245 463 2298 Sanctorum
477 2252 543 2298 tum
555 2244 742 2314 potissimum
754 2265 761 2314 ;

254 2313 332 2368 Nam
345 2331 443 2369 annon
456 2314 564 2370 debent
572 2315 678 2384 jacere,

288 2383 374 2439 Haeo
387 2386 521 2440 membra
532 2385 581 2440 hic
594 2403 663 2440 cum
676 2385 798 2457 capite?

205 2568 219 2624 5
254 2556 310 2612 Sed
322 2559 479 2614 resurrexit
491 2559 559 2614 inde
572 2559 609 2625 Is,

290 2629 325 2681 Iu
339 2627 424 2684 coelis
436 2629 650 2685 sublimissimis
663 2649 670 2698 ;

254 2699 282 2752 Is
294 2697 384 2764 sessit,
398 2707 495 2754 noster
508 2700 559 2753 liat
575 2703 650 2765 Dux,

288 2768 427 2836 Salvator,
440 2771 613 2840 Imperator,
627 2773 702 2827 Lux.

154 2957 159 2967 ·
203 2933 220 2987 6
254 2935 413 3006 Olangatur
425 2938 498 2992 tuba
510 2938 626 3006 ultima,

288 3007 448 3076 Sepulchra
460 3009 596 3078 frangens
615 3009 733 3078 omnia;

254 3077 372 3132 Excitet
384 3095 486 3133 omnes
499 3081 644 3146 mortales,

289 3147 328 3201 Et
342 3154 424 3204 vocet
437 3155 548 3205 nostros
560 3149 681 3205 sodales.
