2346 3734
552 298 608 355 125

158 478 163 487 ·
256 463 273 501 2
309 447 392 506 Mille
403 446 464 504 sint
475 446 598 504 insidiae

310 519 393 575 Inter
404 517 466 574 vias
477 517 604 588 ubique:

308 591 400 646 Satan
415 605 484 644 cum
503 587 615 644 malitia

310 659 485 730 speculatur
497 658 614 715 cardia:

310 729 454 786 Omnibus
465 728 511 785 his
523 729 617 793 liberi,

309 799 410 856 Sancti
421 799 480 855 sint
497 799 650 856 laetissimi
661 819 667 854 ε

308 871 375 928 Vox
387 869 490 928 audita
506 869 577 925 furit
589 889 594 924 :

309 941 325 967 “
336 942 469 998 Domum
480 941 568 996 Peter
580 939 727 996 arcessit.”

256 1099 273 1152 3
308 1083 418 1138 Hostes
431 1087 462 1136 at
474 1079 540 1151 pius
551 1079 655 1151 iniqui,

310 1152 435 1208 Obstant
448 1150 500 1221 qui
510 1151 683 1220 gravissimi,

307 1221 355 1279 Illi
371 1221 431 1277 sin-t
439 1220 472 1276 in
484 1220 619 1278 cordibus

308 1293 446 1348 Nostrum
459 1310 465 1359 ;
478 1309 622 1362 magnum
636 1291 771 1352 dedecus.

306 1361 387 1418 Nihil
399 1368 502 1418 autem
513 1362 613 1418 turbet
625 1380 694 1431 nos;

309 1433 394 1489 Jesus
406 1431 465 1489 cito
477 1432 575 1488 vincet
587 1432 655 1488 hos:

308 1504 400 1558 Laeta
413 1519 470 1559 vox
482 1507 549 1556 tum
562 1503 693 1560 venerit:

307 1575 324 1602 ‘⁵
334 1571 394 1628 Fiti
407 1574 493 1628 Pater
505 1573 650 1630 arcessit.”

149 1645 223 1730 69·
418 1743 540 1807 Hymnus
549 1760 598 1808 pro
609 1744 739 1797 cunabilis.

224 1843 236 1881 1
272 1827 356 1894 Tace,
370 1843 445 1893 care,
458 1827 543 1893 cuba,
556 1826 659 1896 dormi,

307 1896 414 2021 Angeli
426 1901 565 1952 tutantur
576 1902 606 1954 te
617 1917 623 1966 ;

272 1968 352 2024 Bene
373 1965 495 2022 ictiones
507 1967 588 2034 coeli,

291 2036 407 2093 Cadunt
420 2035 469 2092 bic
480 2037 649 2094 lentissime.

222 2195 237 2232 2
273 2177 385 2246 Dormi,
398 2176 503 2246 infans,
515 2177 638 2247 victum,
651 2185 754 2250 vestes,

310 2251 449 2314 Domum,
462 2255 568 2318 parant
580 2250 721 2320 proximi;

274 2317 342 2374 Sine
353 2323 405 2373 tut
416 2326 485 2375 cura
497 2337 607 2388 omnes,

309 2389 454 2446 Praebent
466 2389 634 2447 fidelissimi.

220 2546 235 2598 3
271 2531 369 2598 Quam
381 2530 446 2600 plus
458 2529 533 2587 bene
545 2549 575 2588 es
588 2537 715 2602 curatus,

307 2601 404 2668 Quem
415 2601 453 2656 sit
466 2601 520 2658 Dei
533 2601 624 2658 Filius
634 2622 641 2671 3

272 2670 372 2738 Quum
383 2671 414 2725 in
427 2671 512 2728 terris
524 2671 580 2727 suit
593 2678 687 2742 natus,

306 2739 371 2795 Tibi
380 2741 429 2798 hle
441 2741 626 2798 simillimus?

218 2897 236 2947 4
273 2881 393 2949 Lentem,
406 2883 516 2950 molles,
530 2900 624 2940 cunae
632 2891 714 2950 tuae,

308 2955 426 3008 Durum
438 2953 499 3022 ejus
511 2953 607 3010 cubile
617 2974 623 3023 ;

272 3023 428 3080 Stabulum
441 3024 655 3095 cunabulaque‚

306 3092 406 3150 Ounae
420 3094 488 3164 ejus,
501 3111 647 3166 praesepe.

221 3246 232 3301 5
271 3231 342 3314 Fuit
353 3232 427 3315 nihil
440 3234 497 3306 hcc
510 3242 642 3316 excepte,

306 3303 369 3360 Vni
382 3310 499 3374 possent
508 3322 607 3374 impn;
