2346 3734
598 269 636 325 83

220 425 243 478 6
282 423 340 477 Pro
352 439 408 485 me,
421 422 445 478 Ο
457 421 474 474 J
476 435 534 485 esu,
548 426 681 474 mortuus
693 433 731 484 ee,

283 494 322 546 Et
337 498 470 546 mortuus
481 507 546 544 sum
559 489 589 542 in
603 495 646 551 ιω

284 561 475 630 Resurgebas
488 561 612 614 salutem
632 558 691 625 des,

283 634 323 686 Et
338 631 408 685 vivis
421 649 500 685 nunc
513 630 543 682 in
557 647 622 695 me;

283 705 383 770 Quum
396 718 486 824 nurus
497 699 561 763 sim,
574 700 616 754 Te
627 697 716 754 dante
728 695 798 762 vim,

285 774 363 826 Tum
375 790 394 840 g
405 771 466 826 oria
477 770 514 824 sit
526 787 579 840 pro
592 786 648 823 me.

179 893 270 996 aa

305 1122 316 1161 1
353 1108 453 1162 Heus!
467 1124 533 1162 mea
546 1103 641 1174 patria
651 1122 657 1170 ;

356 1178 455 1232 Dulcis
468 1185 496 1232 et
514 1177 610 1240 libera,

389 1249 429 1302 'Fe
448 1263 603 1302 canerem:

353 1320 415 1386 Qua
428 1325 525 1388 patres
538 1313 655 1380 mortui,

355 1387 505 1441 Laudandi
526 1385 656 1456 p1·0sugi;

356 1459 472 1512 Montes
490 1454 674 1520 circumumi,

392 1531 470 1583 Dent
488 1543 641 1597 paeanem.

495 989 615 1040 Camicus
626 987 741 1038 Panna.

305 1699 320 1738 2
356 1681 575 1754 Omeapatna,

357 1755 484 1810 Omnino
497 1753 594 1807 libers.

389 1827 503 1879 Nomen
523 1840 605 1876 amo:

355 1897 432 1950 Saxa
445 1902 474 1949 et
486 1893 618 1958 flumina,

354 1967 458 2033 sylvae
470 1963 640 2027 Cacumina,

356 2038 435 2090 Dant
449 2033 522 2088 mihi
540 2033 656 2102 gaudia,

390 2107 543 2174 Perpetua

283 2326 285 2330 ¹
305 2279 320 2331 3
355 2261 419 2318 Sint
432 2260 511 2316 venti
524 2260 684 2327 laudantes,

355 2333 480 2387 Arbores
492 2332 656 2401 manantes,

389 2404 442 2457 Per
452 2401 553 2456 omnia
565 2421 570 2455 ι

355 2473 509 2541 Erumpite
528 2472 664 2526 mortales
675 2489 681 2538 ;
751 2499 752 2502 =

355 2543 504 2612 spirantes
524 2542 641 2607 vitales3

354 2615 453 2682 Rupes
472 2621 501 2667 es
515 2614 634 2678 vocales,

390 2685 425 2737 ln
438 2681 579 2736 carmina.

303 2857 321 2908 4
355 2841 395 2896 Te
407 2847 525 2910 patrum
545 2839 716 2904 Dominum,

353 2913 394 2966 Te
408 2911 652 2980 benignissimum
662 2939 688 2948 —

390 2983 550 3036 Cantemus
568 2981 622 3035 Te:

355 3053 414 3106 Fae
428 3061 526 3106 austra
545 3049 643 3104 Patria

354 3122 397 3176 sa
409 3139 523 3190 semper
542 3119 643 3186 nitida,

356 3193 481 3257 Salvam,
498 3191 634 3246 libera.-

392 3262 464 3327 Rex,
486 3259 621 3314 Domine.
