2346 3734
561 231 616 288 127

284 383 461 452 Comparare
474 379 531 436 Dei
542 379 625 446 Filio,

320 451 486 509 Execrandi
499 449 647 521 improbi?

227 610 247 664 6
283 611 365 678 Cere,
377 612 452 681 pax!
465 626 526 665 non
538 607 688 680 increpem
701 615 740 675 te,

319 679 461 750 Quamvis
472 697 592 736 carmen
608 685 691 736 sonet
703 679 755 748 sic,

281 752 346 806 Tua
357 757 454 806 mater
465 749 541 805 adsit
558 749 622 818 tibi,

317 821 372 877 Illa
383 827 414 878 te
427 819 558 878 defendit
569 819 629 876 hie.

226 994 243 1046 7
280 980 395 1037 Verum
407 983 509 1034 tamen
522 977 594 1033 dum
606 984 780 1060 spectarem,

317 1050 430 1120 Legene
441 1049 520 1104 hanc
529 1048 698 1116 hietonam;

281 1121 378 1189 Quam
390 1119 408 1173 J
409 1118 495 1174 udaei
509 1125 639 1175 tractant
651 1119 773 1189 Regem,

316 1190 446 1246 Cantans
458 1206 538 1246 nune
550 1206 748 1246 succenseam.

227 1349 244 1402 8
280 1348 373 1403 Eece!
393 1347 502 1404 dormit
514 1364 600 1417 super
613 1347 690 1413 fene,

316 1416 445 1472 Adstant
457 1423 515 1488 qud
527 1416 671 1488 cornigeri
681 1436 687 1484 ;

279 1489 358 1543 Pax!
377 1487 420 1542 mi
433 1505 508 1553 care,
521 1505 559 1544 ne
571 1488 686 1555 timet0,

314 1558 382 1614 Non
393 1565 463 1614 eunt
475 1558 563 1614 boves
575 1557 712 1628 proximi.

225 1734 243 1785 9
278 1715 339 1771 En!
352 1714 499 1771 infantem
512 1715 599 1772 vestit
612 1722 716 1783 mater,

314 1786 411 1855 Quam
423 1785 549 1842 surridet
562 1786 702 1843 dulciter!

277 1856 455 1926 vagientem
467 1857 622 1924 osculatur,

314 1926 409 1996 Lenit,
422 1926 533 1983 mulcet
545 1927 700 1985 blanditer.

210 2099 244 2137 ιο
278 2082 356 2151 Fuit,
369 2081 474 2152 infans,
487 2089 517 2140 te
529 2085 649 2151 salvare,

312 2153 455 2209 Flammis
467 2171 504 2210 ex
517 2154 728 2223 candentibue;

276 2223 467 2293 Fletibueque
479 2230 509 2280 te
522 2242 634 2292 curare,

311 2293 402 2351 Venit
414 2301 484 2350 tuue
494 2295 649 2352 Dominus.

209 2483 238 2521 11
276 2468 407 2538 Utinam,
421 2475 455 2525 tu
468 2487 570 2527 noscas
583 2470 683 2528 vivens
694 2491 701 2539 ;

311 2541 431 2611 Semper
443 2539 485 2594 illi
497 2541 642 2608 confidam

275 2610 353 2665 Tum
363 2610 395 2665 in
407 2611 494 2667 coelis
505 2629 595 2682 prope
607 2611 713 2682 nitens,

310 2681 447 2748 Cantene,
459 2681 591 2750 laudens,
604 2681 711 2740 videas.

153 2784 226 2870 70.

400 2885 549 2936 dehortatio
561 2887 597 2936 ad
608 2887 745 2940 mnndum.

260 3015 271 3053 1
309 2999 528 3072 Impedimenta
539 3001 634 3056 multe
646 3007 724 3069 sunt,

309 3072 391 3140 Quae
404 3087 457 3127 noe
470 3077 586 3127 orantes
598 3071 727 3127 obruunt
739 3089 745 3137 ;

310 3142 354 3196 At
365 3139 417 3211 qui
429 3139 542 3210 precari
553 3140 704 3220 diligant,-

311 3209 529 3280 Impedimente
540 3213 683 3262 nunant.
