2346 3734
143 386 219 472 67
550 302 607 362 123

229 504 255 552 A
268 501 412 562 natissae,
426 508 449 551 et
461 503 587 552 invenietis
602 502 697 552 animis
713 502 801 550 vestris
813 501 931 560 requiem.

259 635 269 672 1
307 620 397 674 Hanc
409 636 512 674 vocem
524 617 594 674 Jesu
606 617 704 685 audi0,

344 691 360 716 “
370 689 502 758 Quiesce,
521 688 635 757 adveni,

307 761 331 816 Ο
343 759 474 829 fatigate,
487 766 594 830 poneto

341 831 383 885 Te
395 847 463 886 meo
475 830 615 900 pectori.”

308 898 355 955 nd
373 900 391 954 J
393 917 476 956 esum
489 917 557 969 ergo
569 899 664 968 veni0,

341 971 419 1024 Nam
433 971 531 1037 sessus,
545 968 633 1026 miser
644 969 719 1026 sim:

307 1041 359 1095 Est
373 1039 447 1094 mihi
459 1041 512 1096 Ille
525 1039 585 1096 otio
593 1059 600 1108 ;

342 1111 382 1165 Ut
394 1109 465 1166 felix
483 1109 599 1168 fuerim.

258 1301 273 1340 2
308 1285 395 1341 Hanc
408 1302 511 1342 vocem
523 1286 593 1342 Jesu
607 1283 716 1354 audivi,

346 1357 418 1411 “En
431 1355 515 1412 valde
527 1374 581 1426 ego
592 1356 631 1412 do

307 1425 464 1484 Viventem
483 1429 606 1496 aquam!
626 1425 747 1483 adveni!

343 1496 423 1563 Bibe,
434 1502 463 1552 et
476 1496 600 1552 viveto.'’

309 1566 357 1622 Ad
368 1567 385 1621 J
387 1583 470 1622 esum
483 1567 558 1632 veni,
578 1565 715 1623 bibebam

344 1639 389 1692 De
403 1636 468 1692 vivo
486 1636 628 1701 flumine:

308 1707 433 1777 Implevi
443 1707 524 1763 sitim
541 1707 683 1777 rabidam,

344 1779 380 1832 In
392 1778 446 1834 Illo
459 1778 564 1835 vivere.

260 1973 274 2026 3
310 1956 400 2010 Hanc
413 1971 514 2011 vocem
527 1954 547 2008 J
548 1972 597 2010 esu
617 1955 734 2010 audivi:

346 2026 439 2080 “Lux
450 2025 652 2094 hujusmundi
663 2043 740 2093 sum,

310 2097 359 2151 Me
372 2095 484 2162 videte;
498 2095 667 2154 collustrati.

345 2166 405 2223 Vos
417 2165 505 2233 caeci,
518 2165 580 2220 sitis
595 2169 688 2222 tum.’'

310 2236 387 2290 Tum
399 2235 459 2290 vidi
470 2237 581 2302 iesum,
594 2235 653 2292 cito
665 2235 707 2291 mi

345 2305 627 2362 mmmmmffi:

310 2376 462 2433 Confidam
475 2377 557 2446 cujus
569 2375 683 2446 lumini,

344 2449 427 2502 Dum
439 2445 500 2501 vita
509 2447 607 2503 fuerit.

155 2555 225 2639 68⁶

372 2673 405 2722 M
405 2673 449 2722 iles
460 2673 613 2722 christianas
625 2674 777 2724 cohortatus.
793 2667 798 2673 ’

260 2799 270 2838 1
310 2786 435 2851 Fratres,
453 2785 622 2842 habitantes
633 2785 691 2853 hic,

310 2855 457 2928 Impavidi
470 2873 635 2926 pugnemus
647 2856 707 2912 sic:

311 2926 414 2982 Obstat
426 2926 532 2982 nostris
544 2925 685 2994 hostibus,

310 2996 402 3062 iesus,
415 2995 619 3054 amicissimus.

310 3067 459 3130 Prorsum,
474 3085 553 3138 ergo,
565 3067 607 3123 ite
620 3070 686 3124 vost

309 3137 505 3193 Transeamus
518 3138 578 3194 cito
588 3156 640 3194 nos
654 3159 660 3194 :

311 3207 444 3264 Verbum
455 3208 557 3264 statim
568 3207 668 3264 veniat
680 3229 686 3264 :

315 3279 331 3304 “
342 3277 407 3348 Fili,
421 3279 508 3334 Pater
521 3277 659 3334 vocitat.”
729 3309 731 3315 ·
