2346 3734
526 309 581 368 119

129 390 200 493 64.

262 493 418 558 Perfugium
427 496 573 542 machmam
584 504 689 539 sucrum
700 487 772 538 Deus
783 493 826 538 est.

199 591 210 630 1
246 574 419 646 Perfugium
431 572 540 630 sanctis
553 575 633 629 Deus
645 577 697 638 est,

283 649 365 703 Dum
377 644 473 700 nimbi
485 644 605 700 horrent
617 641 739 709 doloris;

246 716 424 787 Priusquam
437 731 561 784 conquas
568 730 654 768 emur
666 727 727 780 nos,

282 787 342 842 Enl
356 786 439 843 adast
451 803 522 841 cum
533 781 657 840 auxiliis.

197 941 212 983 2
246 930 347 999 Quum
360 941 489 984 oceanus
500 923 625 995 mugiat,

283 998 321 1053 In
332 1014 406 1069 pace
417 999 498 1052 sacra
510 995 643 1064 degimus
652 1013 659 1062 ;

247 1071 330 1126 Dum
342 1066 500 1123 nationum
512 1066 620 1132 littora,

282 1139 473 1194 Tramascant
484 1153 537 1207 per
548 1136 602 1192 hos
614 1135 754 1204 mugitus.

199 1295 214 1350 3
247 1280 300 1336 Ea
312 1277 409 1334 amnis
420 1277 515 1334 fluens
527 1275 649 1347 placide,

283 1349 341 1419 Qui
352 1348 469 1420 supplet
481 1348 585 1403 urbem
599 1345 734 1413 Domini;

248 1422 312 1491 Qua
323 1419 393 1486 vita,
406 1436 497 1485 amor,
507 1417 659 1487 gaudium,

282 1489 469 1548 subveniunt
480 1495 597 1544 nostrae
609 1485 721 1544 domui.

199 1647 217 1699 4
249 1629 311 1687 Hic
323 1630 427 1687 amnis.
440 1646 522 1685 sacer
534 1635 586 1683 tua
598 1643 664 1694 vox,

285 1703 367 1757 Dum
379 1699 452 1757 lenit
464 1705 570 1766 metus,
584 1697 655 1753 fides
667 1703 741 1766 sta-t;

250 1773 313 1828 Pax
325 1770 426 1839 duleis,
439 1775 492 1824 tua
508 1767 659 1839 promissa,

286 1840 413 1898 Defessis
425 1857 537 1898 novum
549 1839 639 1895 robur
651 1839 712 1895 dat.

202 1996 215 2052 5
250 1981 330 2040 Sioni
342 1999 426 2038 amor
437 1981 525 2053 Regis
537 1987 589 2047 cst,

286 2052 419 2109 Pericula
430 2052 586 2120 securitas,

250 2125 415 2180 Aeternum
428 2122 659 2178 fundamentum
670 2126 745 2190 slat;

144 2261 194 2344 ΒΓ
287 2193 424 2250 Potentia
435 2200 465 2250 et
475 2193 592 2250 veritas.

168 2292 205 2348 c).
259 2365 395 2416 Bcalitado
406 2365 492 2415 Deam
503 2365 633 2414 adorandi
643 2379 688 2414 auo
700 2366 726 2413 ia
737 2364 838 2428 templo.

239 2464 248 2501 1
287 2449 385 2517 Quam
396 2453 480 2518 grata
493 2453 522 2504 et
534 2447 741 2518 pulcherrima,

288 2517 361 2585 Sint,
372 2521 462 2584 Deus,
472 2525 524 2573 tua
534 2517 624 2573 atria!

288 2589 385 2656 Quam
397 2588 503 2644 acriter
516 2588 646 2645 desidero

289 2659 442 2716 Confluerc
459 2659 594 2716 sacrario.

238 2815 253 2855 2
289 2800 325 2854 In
337 2802 388 2855 tua
399 2799 487 2857 domo
499 2799 649 2870 quiescam
659 2820 666 2868 ;

290 2871 345 2927 Oor
357 2888 459 2926 meum
472 2871 587 2940 quaerit
599 2871 726 2942 gratiam
737 2890 743 2938 ;

290 2940 363 3008 Rex,
377 2943 457 2997 Deus
469 2941 519 3008 mi,
537 2943 561 2998 Ο
574 2943 776 3012 quamobrem,

290 3011 396 3068 Procul
408 3012 446 3066 ab
458 3019 488 3068 te
501 3018 530 3068 ct
542 3012 650 3082 gaudio
661 3013 757 3068 stem?

240 3169 255 3221 3
291 3150 375 3209 Beati
387 3151 446 3208 sint
458 3152 645 3220 sanctissimi,

293 3223 437 3278 Ooelasles
448 3223 495 3276 tui
507 3223 612 3276 famuli
623 3239 630 3286 ;

293 3292 359 3360 Quo
370 3291 462 3360 gloria
474 3290 512 3344 sit
523 3288 692 3364 magnifica,

293 3363 388 3416 Amor
400 3365 431 3415 et
442 3359 507 3412 laus
519 3356 578 3410 sint
592 3369 702 3409 omnia.
