2320 3722
580 273 618 332 73

273 422 292 476 6
327 424 371 481 Ne
383 425 489 482 timete
501 423 635 490 fluvium,

329 496 456 565 Sequere
469 501 555 549 tuum
570 491 750 562 Dominum

325 566 518 634 Omnipotens
529 563 669 634 potentia,

327 635 414 705 Regit
428 635 530 692 mortis
542 634 675 690 flumina.

276 787 291 840 7
326 775 428 830 Salvus
439 775 478 830 sie
489 774 520 830 in
532 773 679 841 fluctibus,

325 846 365 900 Ut
377 845 495 902 aestatis
504 845 654 911 noetibue;

327 916 489 984 Nunquam
502 915 557 970 fuit
571 914 709 985 perditus,

325 987 420 1054 Quem
433 986 546 1042 curavit
559 984 711 1041 Dominue.

280 1127 296 1179 8
330 1126 408 1181 Ecce
419 1145 424 1192 ;
437 1127 569 1196 portum!
582 1141 672 1195 prope
684 1129 752 1193 stet,

330 1199 424 1252 Amor
437 1195 491 1252 Dei
504 1195 658 1266 perducet,

327 1267 443 1322 Ventus
454 1283 535 1321 nuno
548 1264 689 1336 propitius
702 1265 762 1334 flat,

326 1337 411 1392 Jeeus
423 1336 477 1392 tibi
488 1336 606 1406 signum
619 1335 677 1390 dat.

274 1493 291 1547 9
325 1475 425 1532 Sancti
436 1475 552 1546 gloriosi
563 1481 651 1542 stunt,

326 1547 366 1602 Te
379 1547 409 1600 in
423 1546 509 1602 coelis
521 1550 696 1616 expectant;

325 1618 428 1686 Serge!
449 1617 458 1670 i
474 1617 615 1684 ocissime,

325 1687 418 1743 Coelis
430 1686 572 1758 gaudium
584 1689 689 1742 faeere.

166 1753 242 1840 36.

444 1858 517 1908 Laut
525 1858 562 1908 ad
576 1858 736 1908 Trinitatem.

277 1955 288 1994 1
327 1941 427 1997 ORex
446 1940 647 2011 Omnipotens,

328 2009 436 2066 Venito
450 2011 600 2078 adhibens,

361 2081 511 2136 Laudandi
532 2081 609 2136 vim:

326 2152 405 2206 Deus
424 2151 629 2222 Omniparens‚

327 2221 414 2277 Pater
427 2221 622 2288 omnitenens,

323 2291 439 2357 Venito,
452 2291 579 2362 dirigens

360 2361 554 2418 Nosinterim.

274 2517 290 2556 2
326 2502 442 2566 0Jesu,
456 2503 591 2569 Domine,

325 2573 372 2628 Ab
382 2571 467 2628 melis
479 2583 597 2644 protege
609 2593 617 2643 ;

360 2644 471 2698 Teneto
483 2661 551 2699 nos:
650 2697 655 2706 ,

325 2711 546 2782 omnipotentia

323 2783 366 2838 Sit
378 2782 462 2838 nobis
474 2785 575 2854 tutela,

324 2852 461 2910 Coelestis
472 2856 564 2923 galee,

360 2924 407 2979 Ad
426 2923 553 2982 timidos.

273 3081 289 3136 3
326 3065 440 3132 OJesu,
452 3064 591 3134 agidum!

324 3136 348 3192 O
360 3135 444 3204 cinge
455 3135 596 3206 gladium,

358 3205 513 3260 Attendite
523 3225 530 3260 t

325 3276 418 3336 Beato
435 3276 572 3344 populosi
