2320 3722
520 361 555 416 19

219 509 355 565 Delectat
368 527 427 565 esse
446 527 494 565 me

257 581 291 634 In
304 580 413 635 somnis
425 598 514 650 prope
526 581 581 647 Te;

220 650 349 720 Propius,
363 651 386 705 Ο
400 653 479 705 Deus
492 649 541 717 mi,
555 649 673 720 propius
685 649 722 704 ad
735 651 784 705 Te.

166 807 182 858 3
220 791 260 844 Ur
271 790 366 845 scalae
379 795 450 845 tuno
463 790 499 845 ud
519 791 613 846 coelos
627 790 672 844 viu
684 789 739 857 sit;

254 863 454 929 Quaecunque
467 861 540 915 mihi
553 860 611 927 dee,
624 860 781 916 elementia
794 860 843 914 fit:

216 933 310 986 Suuto
323 930 486 994 coelicolae,

256 1003 401 1055 Nutantes
415 1008 518 1056 vocent
531 1019 587 1067 me,

220 1071 348 1141 PropiuS,
362 1072 386 1126 Ο
400 1073 478 1126 Deus
492 1071 543 1132 mi,
556 1070 674 1141 propius
686 1070 722 1124 ad
735 1072 785 1126 Te,

164 1228 183 1278 4
219 1213 294 1265 Turn
308 1218 479 1281 experrecta
491 1212 576 1266 laude
589 1212 680 1281 fulget
694 1229 794 1270 mens.

258 1282 379 1336 Petronis
392 1282 477 1336 mulis
490 1283 504 1310 ‘·
517 1282 637 1337 Bethel'²
651 1289 804 1339 extruens:

219 1352 267 1408 Sic
280 1370 393 1406 moeror
406 1359 489 1421 urget
503 1370 558 1418 ure,

256 1422 297 1476 Mi
311 1425 398 1486 Deus,
418 1440 506 1491 prope
524 1424 572 1488 Te,

219 1491 349 1562 Propius,
363 1493 387 1546 Ο
401 1495 480 1548 Deus
493 1492 543 1556 nri,
556 1490 674 1563 propius
686 1491 722 1545 ad
735 1493 783 1546 Te.

169 1645 182 1701 5
200 1631 230 1688 Si
245 1632 328 1688 luetis
340 1633 443 1702 pennis
456 1633 569 1689 findens
582 1633 657 1692 nera,

258 1703 377 1758 Relictis
389 1703 485 1763 stellis,
499 1709 599 1773 petum
609 1719 750 1772 supera-

220 1775 315 1841 Quam
325 1773 544 1842 jucundissime,

255 1843 439 1898 Cuntabo—“
454 1845 545 1912 Prope
557 1844 606 1907 Te,

220 1913 349 1983 Propino,
363 1915 387 1968 Ο
399 1915 479 1969 Deus
493 1913 542 1980 mi,
556 1911 674 1982 propius
688 1912 725 1967 ad
737 1915 804 1969 'sel'

111 2000 153 2084 5.

171 2117 181 2154 r
220 2101 311 2156 Sicuti
324 2117 481 2156 sum—neo
494 2101 556 2157 sine
568 2120 626 2172 spe,

254 2171 330 2240 Quia
342 2173 385 2226 Tu
399 2180 532 2227 mortuus
545 2191 574 2228 es
587 2191 639 2242 pro
657 2190 714 2240 me,

220 2243 259 2296 Et
268 2243 352 2311 jubes
364 2243 405 2298 ire
419 2261 467 2297 me
480 2243 515 2296 ud
528 2245 603 2298 Te-

397 2314 421 2368 Ο
434 2318 536 2382 Agnus
550 2313 611 2370 Dei.
626 2313 718 2368 venio.

168 2468 184 2506 2
220 2451 311 2507 Sicuti
324 2471 481 2508 sum-neo
493 2453 645 2521 haesitem,

256 2524 296 2577 Ut
310 2523 439 2578 maculas
458 2524 606 2578 abluerem
619 2543 625 2590 ;

221 2593 350 2648 Mundus
363 2611 413 2663 per
426 2603 511 2649 tuum
531 2594 714 2663 sanguinem,

397 2665 421 2720 Ο
433 2668 535 2734 Agnus
549 2664 611 2732 Dei,
627 2664 718 2720 renio.

168 2820 184 2872 3
220 2803 311 2860 Sicuti
324 2805 550 2874 sum-jactatus
561 2805 626 2870 sim,

256 2875 295 2929 Et
307 2874 444 2929 dubitans
457 2875 648 2943 conflixerim,

220 2945 408 3014 Certansque,
421 2944 536 3010 timeon,
550 2949 638 3015 perdo
652 2946 720 3014 vim,

396 3017 420 3072 Ο
433 3018 535 3085 Agnus
546 3016 608 3084 Dei,
620 3017 714 3072 venio.

168 3171 186 3221 4
220 3154 313 3212 Sicuti
332 3155 595 3212 sum-miserrime

257 3227 366 3291 uncus,
380 3227 534 3294 nudusque
547 3226 627 3281 onrni
641 3244 679 3292 re,

221 3298 261 3352 Ut
275 3297 374 3352 omniu
386 3296 502 3366 cupium
515 3296 544 3348 in
562 3299 610 3362 Te,

397 3368 421 3422 0
434 3370 537 3434 Agnus
550 3365 612 3432 Dei,
626 3363 722 3426 venio,
