2320 3722
538 303 572 359 61

184 474 205 527 3
248 455 291 510 Et
304 453 425 524 quidem
439 470 541 508 omnes
554 451 664 533 popuii,

249 524 408 582 Confident
421 541 474 578 suo
486 539 615 588 nomin1;

248 597 386 650 Infantes
397 611 467 649 eum
481 593 651 658 laudabunt,

250 667 292 720 Et
304 665 366 735 ejus
378 681 486 719 nomen
499 663 692 734 plaudabunt.

190 855 213 906 4
252 839 289 892 In
303 837 372 892 locis
383 835 578 906 omnibusque
596 839 662 905 quo,

253 907 401 978 Regnabit
413 907 465 962 ille
477 906 607 971 omnino,

252 976 400 1046 Regnabit
412 976 421 1031 i
435 977 471 1033 lic
485 976 610 1041 libertae,

254 1049 325 1114 Pax,
337 1049 422 1114 salus,
435 1046 578 1117 gauduim
590 1053 620 1102 et
633 1047 682 1102 its.

199 1235 214 1293 5
253 1221 384 1277 Salutem
398 1219 448 1275 ubi
461 1221 513 1276 lile
526 1219 585 1285 det,

253 1291 315 1346 Nec
329 1308 406 1346 more
419 1308 473 1346 nec
487 1289 654 1346 maledictio
666 1295 725 1346 atat
738 1308 745 1358 ;

254 1361 293 1414 At
306 1361 443 1416 omnbus
461 1359 628 1426 homnibus,

254 1431 297 1488 Sit
310 1431 478 1487 benefactor
492 1430 644 1486 Dominus.

200 1607 219 1660 6
256 1606 355 1660 Heus!
369 1621 482 1666 omnes,
495 1604 581 1660 heus!
601 1603 761 1674 agitedum,

255 1674 443 1744 Magrriticate
457 1673 636 1741 Dominum,

254 1746 322 1811 Vos,
335 1743 439 1814 migeti,
452 1743 628 1810 descendite,

255 1815 395 1882 Laudate,
409 1815 518 1882 onmia,
533 1814 653 1884 ubique.

124 1999 206 2084 30.

401 2159 407 2170 .
450 2116 491 2166 Dc
508 2117 658 2179 Profundis.

250 2233 318 2282 “De
336 2233 479 2294 Profundis
495 2236 610 2284 invocavi
629 2233 672 2294 Te,
693 2229 868 2284 ODomiae.”

206 2364 217 2402 1
255 2349 526 2420 Contempierdum
540 2348 690 2418 mysteria.

255 2421 385 2476 Obscura
398 2421 471 2476 haec
483 2421 659 2490 aenigmata,

329 2491 513 2546 Permultum
525 2491 581 2546 sim
594 2489 749 2561 perplexus
760 2507 766 2556 ;

256 2563 377 2641 Deoque
389 2579 475 2632 saepe
494 2569 613 2632 questus
625 2577 700 2627 sum,

173 2653 176 2660 ·
256 2632 300 2687 De
314 2631 391 2686 vitiis
405 2631 583 2698 mortalium,

325 2703 363 2756 Et
371 2701 467 2772 justus
479 2701 521 2758 sic
533 2701 693 2772 neglectus.

206 2888 221 2927 2
258 2878 301 2931 De
313 2873 560 2945 pravitatedoieO,

256 2947 294 3000 Et
307 2963 398 3016 quare
409 2945 447 3000 sit
459 2945 581 3000 ditatio?

326 3017 364 3070 Et
376 3033 532 3085 nunquam
544 3014 713 3071 restitutio?

257 3087 449 3156 ‘f-Quouaque,
458 3090 474 3114 '’
486 3085 561 3154 dieo,
580 3087 595 3111 ‘⁶
608 3084 743 3152 Domine,

255 3156 322 3214 Non
336 3159 455 3212 festinae
467 3157 591 3224 exigere,

326 3227 366 3282 Ut
378 3228 431 3282 tiat
443 3225 597 3282 retributio
606 3227 637 3276 i”
