2320 3722
532 281 570 337 59

148 447 169 500 4
207 429 306 499 Sionis
317 431 342 486 Ο
354 429 440 487 tiliae.
450 429 555 485 docete
565 447 623 496 me,

208 502 302 556 Hanc
314 500 427 555 stellam
444 498 554 554 vidistis
565 499 713 554 nitidam?

210 572 299 626 Meus
312 572 404 626 Amor
416 569 465 625 hio
479 569 626 626 vobiscum
641 569 759 626 fuitne?

208 641 250 695 Et
262 657 332 696 enm
344 646 375 696 et
386 657 487 710 greges
505 657 694 711 queramque.

152 795 168 852 5
211 779 274 836 Hie
284 778 323 835 sit
335 796 420 835 meus
431 778 530 843 Amor,
543 778 659 836 divinus
670 787 714 837 est
726 781 764 848 1s,

210 852 287 906 Suae
299 861 393 905 vestes
404 856 473 905 sunt
484 849 658 930 perollidae;

211 921 272 976 Sua
284 937 370 978 eoum
382 937 506 975 racemis
518 929 561 975 est
573 919 685 990 similis,

211 989 362 1044 Antunzni
374 989 405 1044 in
419 989 562 1046 ubertate.

151 1130 172 1184 6
208 1131 277 1186 Vox
289 1129 351 1200 ejus
363 1135 397 1185 ut
409 1129 522 1186 musica
533 1131 691 1189 sambucae
702 1131 750 1201 sit,

210 1201 268 1256 Per
280 1199 377 1257 obitus
389 1199 525 1255 cubicula
536 1220 543 1266 ;

209 1267 250 1324 Et
262 1271 344 1338 sylva
358 1269 461 1336 Libani
474 1271 670 1341 prostraverit,

209 1339 320 1396 Oderat
332 1339 448 1395 afflatus
460 1359 536 1396 aera.

154 1493 172 1548 7
209 1481 250 1534 Et
261 1478 329 1542 lilia,
344 1497 424 1535 rosae
436 1486 466 1536 et
477 1481 646 1550 Sharoniae,

209 1549 258 1605 Ad
271 1548 396 1604 flumina
407 1549 439 1604 in
450 1551 571 1606 vallibus
578 1571 585 1619 ;

208 1618 420 1690 Splendeseant
432 1620 462 1674 in
476 1621 550 1677 facie
563 1621 788 1695 pulcherrimae,

106 1739 112 1756 ,
208 1689 248 1744 Et
261 1689 334 1745 lucis
346 1689 484 1759 pharetra
496 1692 604 1748 oculus.

156 1830 173 1884 8
209 1830 261 1884 lust
274 1829 367 1885 labria
379 1847 432 1885 sua
444 1837 478 1886 ut
491 1831 555 1887 fons
566 1833 686 1902 gratiae,

209 1901 292 1968 Quae
304 1900 403 1956 hortos
415 1901 516 1956 salutis
528 1901 637 1972 irrigat,

209 1971 271 2038 Qut
284 1976 386 2037 gentes
398 1971 566 2042 fuerintque
577 1973 765 2045 salvissimae,

208 2040 245 2094 In
258 2040 324 2096 luce
337 2057 427 2110 quam
439 2041 528 2097 facies
538 2042 597 2098 dat.

156 2198 175 2251 9
209 2180 237 2234 Is
250 2179 338 2245 videt,
352 2186 381 2236 et
393 2182 489 2252 angeli
501 2184 710 2255 pergaudeant,

210 2250 377 2320 Expectant
390 2256 419 2306 et
431 2252 595 2318 coelicolae,

208 2320 237 2374 Is
250 2319 387 2400 loquitur,
400 2322 501 2376 omnia
512 2322 690 2395 laudemque
701 2325 785 2396 dant,

208 2390 244 2444 In
257 2407 339 2446 omm
351 2391 535 2449 aeternitate.

123 2488 195 2576 29.

344 2609 438 2660 Otene·
447 2612 561 2674 Repnum
572 2617 637 2666 inter
648 2617 745 2670 eante.

194 2719 205 2758 1
243 2707 390 2774 Remabit
401 2709 487 2766 Jesus
498 2712 616 2782 ubique,

242 2778 307 2846 Qut
318 2779 358 2833 sol
372 2780 553 2850 splendescat
566 2783 679 2842 lumine
690 2804 697 2853 ;

243 2847 418 2904 Littorribns
430 2849 466 2905 ad
480 2851 586 2921 littora,

243 2918 279 2971 In
291 2919 457 2975 seculorum
469 2923 576 2979 seeula.

193 3086 208 3126 2
243 3074 300 3130 Pro
311 3073 361 3130 illo
373 3093 491 3146 praeces
503 3079 599 3136 factae
611 3079 670 3135 sint
681 3098 688 3149 ;

241 3145 388 3201 Aeternee
400 3146 500 3202 landes
512 3147 638 3214 fuerint;

243 3214 282 3266 Et
292 3231 400 3269 nornen
412 3215 473 3283 ejus
485 3216 583 3280 olebit,

242 3282 283 3336 Ut
295 3281 381 3340 dulce
394 3283 590 3338 libamentum
603 3284 646 3337 fit.
