2346 3734
584 214 641 270 113

344 367 445 435 Quum
457 368 553 420 morte
565 363 727 436 clangatur,

380 434 581 491 Horrifieum!
635 443 641 454 ·

344 507 421 562 Tum
434 506 504 560 Jesu
513 503 629 560 dicatur
639 509 649 572 ;“

380 577 396 602 “
406 577 486 632 Pax!
506 575 568 644 Ego
580 591 648 630 sum
659 575 686 626 l’'

152 682 253 769 60.

292 912 303 949 1
341 900 441 968 Quum
454 897 566 954 circum
578 895 637 952 sint
649 899 839 966 tempestates

341 970 391 1024 Me
403 969 507 1034 solum,
521 974 551 1023 et
563 964 719 1048 caligines:
783 1033 789 1046 Ι

341 1039 495 1095 Acclinem
507 1043 574 1093 tum
585 1037 617 1092 in
629 1035 722 1103 rllum,
740 1051 792 1106 qur

340 1109 487 1180 Expertus
498 1107 594 1164 omnis
606 1103 731 1162 humani
742 1126 748 1161 ι

340 1180 369 1234 1s
381 1196 431 1235 me
443 1178 592 1249 cognoscit
604 1177 710 1238 fovere,

338 1250 377 1304 Et
389 1256 585 1305 numerantur
598 1245 775 1303 lachrimae:

407 782 470 846 Spes
480 787 634 831 amoturum
645 779 761 830 Otrntus
770 781 810 830 sit.

289 1405 304 1441 2
340 1392 481 1448 Occurrat
493 1389 517 1444 si
529 1386 687 1459 temptatio

339 1461 380 1516 Ut
392 1461 524 1518 aberrem
538 1477 554 1516 e
573 1457 710 1525 Domino;

336 1530 421 1600 Quod
433 1548 493 1586 non
512 1535 626 1600 oportet
638 1528 757 1595 iaciens,

337 1603 376 1655 Et
389 1600 467 1671 quod
480 1605 602 1671 oportet,
615 1599 779 1670 negligens:

336 1671 366 1726 Is
378 1671 427 1740 qui
439 1677 571 1727 tentatus
584 1669 648 1737 suit,
662 1677 729 1724 tum
867 1701 869 1706 ·

339 1743 389 1797 Me
401 1747 496 1798 servet
509 1758 561 1811 per
573 1739 747 1810 periculum.

284 1897 299 1949 3
335 1882 373 1936 Et
385 1881 457 1937 dum
471 1886 594 1938 vexatus
607 1879 743 1950 cogitem,

334 1952 373 2006 Et
385 1970 470 2008 mens
482 1951 602 2006 turbata
613 1950 710 2021 perdit
721 1967 813 2020 spem,

333 2023 390 2091 Qui
402 2022 473 2078 olim
484 2022 654 2091 desperatus
666 2021 710 2076 sit.

335 2093 391 2149 Pro
402 2110 451 2148 me
464 2099 586 2148 vexatus
598 2091 696 2160 suerit,

334 2163 411 2217 Tum
423 2169 556 2219 mentem
569 2161 683 2218 tristem
696 2160 821 2232 mitiget,

334 2233 373 2288 Et
384 2233 480 2302 fietus,
498 2249 613 2290 moeror
632 2231 724 2288 finiet.

280 2388 298 2438 4
324 2374 380 2429 Ἀεὶ
392 2373 544 2428 tumulum
557 2391 651 2444 quum
669 2371 818 2440 inclinem,

333 2444 474 2500 Amicum
487 2462 546 2514 quo
558 2443 726 2514 sepelirem:

334 2515 484 2574 Amittens
496 2515 580 2568 illurn
592 2514 756 2584 paululum,

334 2585 406 2638 Tam
420 2602 522 2646 earum
535 2583 747 2639 amicissimum
758 2605 763 2638 :

332 2655 375 2708 Mi
387 2656 465 2722 Jesu,
479 2654 573 2710 noscis
591 2653 735 2721 lacrimas,

331 2725 387 2794 Qui
399 2743 485 2795 super
498 2726 641 2779 Lazarum
659 2724 758 2780 fiebas

172 2889 174 2902 =
279 2877 292 2936 5
328 2865 367 2921 m
378 2868 403 2923 0
414 2882 508 2936 quum
526 2865 622 2920 salvus
639 2864 758 2921 veniam

328 2937 377 2992 Ad
388 2953 488 2992 meum
501 2935 579 2992 diem
592 2935 739 3004 ultimam,

328 3009 403 3062 Tum
417 3007 594 3061 immutatus
605 3023 695 3075 prope
704 3012 762 3062 stes

329 3077 514 3144 Hocoubile,
527 3093 616 3130 name
628 3081 764 3132 mortuus
777 3093 815 3132 es.

327 3148 376 3202 Ad
388 3147 482 3202 coelos
494 3155 560 3200 tum
573 3163 622 3199 me
640 3144 714 3212 dirig
732 3163 772 3212 as,

329 3215 507 3286 Abstergens
519 3229 621 3270 omnes
633 3213 778 3267 lacrimas.
